@ARTICLE{Neumann2023a,
       author = {{Neumann}, Lukas and {Gallagher}, Molly J. and {Bigiel}, Frank and {Leroy}, Adam K. and {Barnes}, Ashley T. and {Usero}, Antonio and {den Brok}, Jakob S. and {Belfiore}, Francesco and {Be{\v{s}}li{\'c}}, Ivana and {Cao}, Yixian and {Chevance}, M{\'e}lanie and {Dale}, Daniel A. and {Eibensteiner}, Cosima and {Glover}, Simon C.~O. and {Grasha}, Kathryn and {Henshaw}, Jonathan D. and {Jim{\'e}nez-Donaire}, Mar{\'\i}a J. and {Klessen}, Ralf S. and {Kruijssen}, J.~M. Diederik and {Liu}, Daizhong and {Meidt}, Sharon and {Pety}, J{\'e}r{\^o}me and {Puschnig}, Johannes and {Querejeta}, Miguel and {Rosolowsky}, Erik and {Schinnerer}, Eva and {Schruba}, Andreas and {Sormani}, Mattia C. and {Sun}, Jiayi and {Teng}, Yu-Hsuan and {Williams}, Thomas G.},
        title = "{The ALMOND survey: molecular cloud properties and gas density tracers across 25 nearby spiral galaxies with ALMA}",
      journal = {\mnras},
     keywords = {ISM: clouds, ISM: molecules, ISM: structure, galaxies: ISM, galaxies: star formation, radio lines: ISM, Astrophysics - Astrophysics of Galaxies},
         year = 2023,
        month = may,
       volume = {521},
       number = {3},
        pages = {3348-3383},
          doi = {10.1093/mnras/stad424},
archivePrefix = {arXiv},
       eprint = {2302.03042},
 primaryClass = {astro-ph.GA},
       adsurl = {https://ui.adsabs.harvard.edu/abs/2023MNRAS.521.3348N},
      adsnote = {Provided by the SAO/NASA Astrophysics Data System}
}

@ARTICLE{Bolatto2013,
       author = {{Bolatto}, Alberto D. and {Wolfire}, Mark and {Leroy}, Adam K.},
        title = "{The CO-to-H$_{2}$ Conversion Factor}",
      journal = {\araa},
     keywords = {Astrophysics - Astrophysics of Galaxies},
         year = 2013,
        month = aug,
       volume = {51},
       number = {1},
        pages = {207-268},
          doi = {10.1146/annurev-astro-082812-140944},
archivePrefix = {arXiv},
       eprint = {1301.3498},
 primaryClass = {astro-ph.GA},
       adsurl = {https://ui.adsabs.harvard.edu/abs/2013ARA&A..51..207B},
      adsnote = {Provided by the SAO/NASA Astrophysics Data System}
}

@ARTICLE{Bemis2019,
       author = {{Bemis}, Ashley and {Wilson}, Christine D.},
        title = "{Kiloparsec-Scale Variations in the Star Formation Efficiency of Dense Gas: The Antennae Galaxies (NGC 4038/39)}",
      journal = {\aj},
     keywords = {galaxies: individual: NGC 4038, galaxies: interactions, galaxies: star formation, Astrophysics - Astrophysics of Galaxies},
         year = 2019,
        month = mar,
       volume = {157},
       number = {3},
          eid = {131},
        pages = {131},
          doi = {10.3847/1538-3881/ab041d},
archivePrefix = {arXiv},
       eprint = {1902.02809},
 primaryClass = {astro-ph.GA},
       adsurl = {https://ui.adsabs.harvard.edu/abs/2019AJ....157..131B},
      adsnote = {Provided by the SAO/NASA Astrophysics Data System}
}

@ARTICLE{denBrok2021,
       author = {{den Brok}, J.~S. and {Chatzigiannakis}, D. and {Bigiel}, F. and {Puschnig}, J. and {Barnes}, A.~T. and {Leroy}, A.~K. and {Jim{\'e}nez-Donaire}, M.~J. and {Usero}, A. and {Schinnerer}, E. and {Rosolowsky}, E. and {Faesi}, C.~M. and {Grasha}, K. and {Hughes}, A. and {Kruijssen}, J.~M.~D. and {Liu}, D. and {Neumann}, L. and {Pety}, J. and {Querejeta}, M. and {Saito}, T. and {Schruba}, A. and {Stuber}, S.},
        title = "{New Constraints on the $^{12}$CO(2 - 1)/(1 - 0) Line Ratio Across Nearby Disc Galaxies}",
      journal = {\mnras},
     keywords = {galaxies: ISM, ISM: molecules, radio lines: galaxies, Astrophysics - Astrophysics of Galaxies},
         year = 2021,
        month = mar,
          doi = {10.1093/mnras/stab859},
archivePrefix = {arXiv},
       eprint = {2103.10442},
 primaryClass = {astro-ph.GA},
       adsurl = {https://ui.adsabs.harvard.edu/abs/2021MNRAS.tmp..896D},
      adsnote = {Provided by the SAO/NASA Astrophysics Data System}
}

@ARTICLE{Onus2018,
       author = {{Onus}, Adam and {Krumholz}, Mark R. and {Federrath}, Christoph},
        title = "{Numerical calibration of the HCN-star formation correlation}",
      journal = {\mnras},
     keywords = {stars: formation, ISM: molecules, galaxies: ISM, galaxies: star formation, radio lines: ISM, Astrophysics - Astrophysics of Galaxies, Astrophysics - Solar and Stellar Astrophysics},
         year = 2018,
        month = sep,
       volume = {479},
       number = {2},
        pages = {1702-1710},
          doi = {10.1093/mnras/sty1662},
archivePrefix = {arXiv},
       eprint = {1801.09952},
 primaryClass = {astro-ph.GA},
       adsurl = {https://ui.adsabs.harvard.edu/abs/2018MNRAS.479.1702O},
      adsnote = {Provided by the SAO/NASA Astrophysics Data System}
}

@ARTICLE{Gao2004,
       author = {{Gao}, Yu and {Solomon}, Philip M.},
        title = "{The Star Formation Rate and Dense Molecular Gas in Galaxies}",
      journal = {\apj},
     keywords = {Galaxies: ISM, Galaxies: Starburst, Infrared: Galaxies, ISM: Molecules, Radio Lines: Galaxies, Astrophysics},
         year = 2004,
        month = may,
       volume = {606},
       number = {1},
        pages = {271-290},
          doi = {10.1086/382999},
archivePrefix = {arXiv},
       eprint = {astro-ph/0310339},
 primaryClass = {astro-ph},
       adsurl = {https://ui.adsabs.harvard.edu/abs/2004ApJ...606..271G},
      adsnote = {Provided by the SAO/NASA Astrophysics Data System}
}

@ARTICLE{Gallagher2018a,
       author = {{Gallagher}, Molly J. and {Leroy}, Adam K. and {Bigiel}, Frank and {Cormier}, Diane and {Jim{\'e}nez-Donaire}, Mar{\'\i}a J. and {Ostriker}, Eve and {Usero}, Antonio and {Bolatto}, Alberto D. and {Garc{\'\i}a-Burillo}, Santiago and {Hughes}, Annie and {Kepley}, Amanda A. and {Krumholz}, Mark and {Meidt}, Sharon E. and {Meier}, David S. and {Murphy}, Eric J. and {Pety}, J{\'e}r{\^o}me and {Rosolowsky}, Erik and {Schinnerer}, Eva and {Schruba}, Andreas and {Walter}, Fabian},
        title = "{Dense Gas, Dynamical Equilibrium Pressure, and Star Formation in Nearby Star-forming Galaxies}",
      journal = {\apj},
     keywords = {galaxies: ISM, galaxies: star formation, radio lines: ISM, Astrophysics - Astrophysics of Galaxies},
         year = 2018,
        month = may,
       volume = {858},
       number = {2},
          eid = {90},
        pages = {90},
          doi = {10.3847/1538-4357/aabad8},
archivePrefix = {arXiv},
       eprint = {1803.10785},
 primaryClass = {astro-ph.GA},
       adsurl = {https://ui.adsabs.harvard.edu/abs/2018ApJ...858...90G},
      adsnote = {Provided by the SAO/NASA Astrophysics Data System}
}

@ARTICLE{Gallagher2018b,
       author = {{Gallagher}, Molly J. and {Leroy}, Adam K. and {Bigiel}, Frank and {Cormier}, Diane and {Jim{\'e}nez-Donaire}, Mar{\'\i}a J. and {Hughes}, Annie and {Pety}, J{\'e}r{\^o}me and {Schinnerer}, Eva and {Sun}, Jiayi and {Usero}, Antonio and {Utomo}, Dyas and {Bolatto}, Alberto and {Chevance}, M{\'e}lanie and {Faesi}, Chris and {Glover}, Simon C.~O. and {Kepley}, Amanda A. and {Kruijssen}, J.~M. Diederik and {Krumholz}, Mark R. and {Meidt}, Sharon E. and {Meier}, David S. and {Murphy}, Eric and {Querejeta}, Miguel and {Rosolowsky}, Erik and {Saito}, Toshiki and {Schruba}, Andreas},
        title = "{Do Spectroscopic Dense Gas Fractions Track Molecular Cloud Surface Densities?}",
      journal = {\apjl},
     keywords = {galaxies: ISM, galaxies: star formation, ISM: clouds, ISM: molecules, ISM: structure, Astrophysics - Astrophysics of Galaxies},
         year = 2018,
        month = dec,
       volume = {868},
       number = {2},
          eid = {L38},
        pages = {L38},
          doi = {10.3847/2041-8213/aaf16a},
archivePrefix = {arXiv},
       eprint = {1811.07940},
 primaryClass = {astro-ph.GA},
       adsurl = {https://ui.adsabs.harvard.edu/abs/2018ApJ...868L..38G},
      adsnote = {Provided by the SAO/NASA Astrophysics Data System}
}

@ARTICLE{Leroy2019,
       author = {{Leroy}, Adam K. and {Sandstrom}, Karin M. and {Lang}, Dustin and {Lewis}, Alexia and {Salim}, Samir and {Behrens}, Erica A. and {Chastenet}, J{\'e}r{\'e}my and {Chiang}, I-Da and {Gallagher}, Molly J. and {Kessler}, Sarah and {Utomo}, Dyas},
        title = "{A z = 0 Multiwavelength Galaxy Synthesis. I. A WISE and GALEX Atlas of Local Galaxies}",
      journal = {\apjs},
     keywords = {galaxies: general, galaxies: ISM, galaxies: spiral, galaxies: star formation, infrared: galaxies, ultraviolet: galaxies, Astrophysics - Astrophysics of Galaxies},
         year = 2019,
        month = oct,
       volume = {244},
       number = {2},
          eid = {24},
        pages = {24},
          doi = {10.3847/1538-4365/ab3925},
archivePrefix = {arXiv},
       eprint = {1910.13470},
 primaryClass = {astro-ph.GA},
       adsurl = {https://ui.adsabs.harvard.edu/abs/2019ApJS..244...24L},
      adsnote = {Provided by the SAO/NASA Astrophysics Data System}
}

@ARTICLE{Wright2010,
       author = {{Wright}, Edward L. and {Eisenhardt}, Peter R.~M. and {Mainzer}, Amy K. and {Ressler}, Michael E. and {Cutri}, Roc M. and {Jarrett}, Thomas and {Kirkpatrick}, J. Davy and {Padgett}, Deborah and {McMillan}, Robert S. and {Skrutskie}, Michael and {Stanford}, S.~A. and {Cohen}, Martin and {Walker}, Russell G. and {Mather}, John C. and {Leisawitz}, David and {Gautier}, Thomas N., III and {McLean}, Ian and {Benford}, Dominic and {Lonsdale}, Carol J. and {Blain}, Andrew and {Mendez}, Bryan and {Irace}, William R. and {Duval}, Valerie and {Liu}, Fengchuan and {Royer}, Don and {Heinrichsen}, Ingolf and {Howard}, Joan and {Shannon}, Mark and {Kendall}, Martha and {Walsh}, Amy L. and {Larsen}, Mark and {Cardon}, Joel G. and {Schick}, Scott and {Schwalm}, Mark and {Abid}, Mohamed and {Fabinsky}, Beth and {Naes}, Larry and {Tsai}, Chao-Wei},
        title = "{The Wide-field Infrared Survey Explorer (WISE): Mission Description and Initial On-orbit Performance}",
      journal = {\aj},
     keywords = {infrared: general, space vehicles, surveys, Astrophysics - Instrumentation and Methods for Astrophysics},
         year = 2010,
        month = dec,
       volume = {140},
       number = {6},
        pages = {1868-1881},
          doi = {10.1088/0004-6256/140/6/1868},
archivePrefix = {arXiv},
       eprint = {1008.0031},
 primaryClass = {astro-ph.IM},
       adsurl = {https://ui.adsabs.harvard.edu/abs/2010AJ....140.1868W},
      adsnote = {Provided by the SAO/NASA Astrophysics Data System}
}

@ARTICLE{Martin2005,
       author = {{Martin}, D. Christopher and {Fanson}, James and {Schiminovich}, David and {Morrissey}, Patrick and {Friedman}, Peter G. and {Barlow}, Tom A. and {Conrow}, Tim and {Grange}, Robert and {Jelinsky}, Patrick N. and {Milliard}, Bruno and {Siegmund}, Oswald H.~W. and {Bianchi}, Luciana and {Byun}, Yong-Ik and {Donas}, Jose and {Forster}, Karl and {Heckman}, Timothy M. and {Lee}, Young-Wook and {Madore}, Barry F. and {Malina}, Roger F. and {Neff}, Susan G. and {Rich}, R. Michael and {Small}, Todd and {Surber}, Frank and {Szalay}, Alex S. and {Welsh}, Barry and {Wyder}, Ted K.},
        title = "{The Galaxy Evolution Explorer: A Space Ultraviolet Survey Mission}",
      journal = {\apjl},
     keywords = {Galaxies: Evolution, Galaxies: General, Space Vehicles: Instruments, Surveys, Ultraviolet: Galaxies, Ultraviolet: General, Astrophysics},
         year = 2005,
        month = jan,
       volume = {619},
       number = {1},
        pages = {L1-L6},
          doi = {10.1086/426387},
archivePrefix = {arXiv},
       eprint = {astro-ph/0411302},
 primaryClass = {astro-ph},
       adsurl = {https://ui.adsabs.harvard.edu/abs/2005ApJ...619L...1M},
      adsnote = {Provided by the SAO/NASA Astrophysics Data System}
}

@ARTICLE{Kennicutt2012,
       author = {{Kennicutt}, Robert C. and {Evans}, Neal J.},
        title = "{Star Formation in the Milky Way and Nearby Galaxies}",
      journal = {\araa},
     keywords = {Astrophysics - Astrophysics of Galaxies, Astrophysics - Cosmology and Nongalactic Astrophysics},
         year = 2012,
        month = sep,
       volume = {50},
        pages = {531-608},
          doi = {10.1146/annurev-astro-081811-125610},
archivePrefix = {arXiv},
       eprint = {1204.3552},
 primaryClass = {astro-ph.GA},
       adsurl = {https://ui.adsabs.harvard.edu/abs/2012ARA&A..50..531K},
      adsnote = {Provided by the SAO/NASA Astrophysics Data System}
}

@ARTICLE{Jarrett2013,
       author = {{Jarrett}, T.~H. and {Masci}, F. and {Tsai}, C.~W. and {Petty}, S. and {Cluver}, M.~E. and {Assef}, Roberto J. and {Benford}, D. and {Blain}, A. and {Bridge}, C. and {Donoso}, E. and {Eisenhardt}, P. and {Koribalski}, B. and {Lake}, S. and {Neill}, James D. and {Seibert}, M. and {Sheth}, K. and {Stanford}, S. and {Wright}, E.},
        title = "{Extending the Nearby Galaxy Heritage with WISE: First Results from the WISE Enhanced Resolution Galaxy Atlas}",
      journal = {\aj},
     keywords = {galaxies: fundamental parameters, galaxies: statistics, infrared: galaxies, surveys, techniques: image processing, Astrophysics - Cosmology and Nongalactic Astrophysics},
         year = 2013,
        month = jan,
       volume = {145},
       number = {1},
          eid = {6},
        pages = {6},
          doi = {10.1088/0004-6256/145/1/6},
archivePrefix = {arXiv},
       eprint = {1210.3628},
 primaryClass = {astro-ph.CO},
       adsurl = {https://ui.adsabs.harvard.edu/abs/2013AJ....145....6J},
      adsnote = {Provided by the SAO/NASA Astrophysics Data System}
}

@ARTICLE{Salim2016,
       author = {{Salim}, Samir and {Lee}, Janice C. and {Janowiecki}, Steven and {da Cunha}, Elisabete and {Dickinson}, Mark and {Boquien}, M{\'e}d{\'e}ric and {Burgarella}, Denis and {Salzer}, John J. and {Charlot}, St{\'e}phane},
        title = "{GALEX-SDSS-WISE Legacy Catalog (GSWLC): Star Formation Rates, Stellar Masses, and Dust Attenuations of 700,000 Low-redshift Galaxies}",
      journal = {\apjs},
     keywords = {galaxies: fundamental parameters, galaxies: star formation, Astrophysics - Astrophysics of Galaxies},
         year = 2016,
        month = nov,
       volume = {227},
       number = {1},
          eid = {2},
        pages = {2},
          doi = {10.3847/0067-0049/227/1/2},
archivePrefix = {arXiv},
       eprint = {1610.00712},
 primaryClass = {astro-ph.GA},
       adsurl = {https://ui.adsabs.harvard.edu/abs/2016ApJS..227....2S},
      adsnote = {Provided by the SAO/NASA Astrophysics Data System}
}

@ARTICLE{Salim2018,
       author = {{Salim}, Samir and {Boquien}, M{\'e}d{\'e}ric and {Lee}, Janice C.},
        title = "{Dust Attenuation Curves in the Local Universe: Demographics and New Laws for Star-forming Galaxies and High-redshift Analogs}",
      journal = {\apj},
     keywords = {dust, extinction, galaxies: fundamental parameters, Astrophysics - Astrophysics of Galaxies},
         year = 2018,
        month = may,
       volume = {859},
       number = {1},
          eid = {11},
        pages = {11},
          doi = {10.3847/1538-4357/aabf3c},
archivePrefix = {arXiv},
       eprint = {1804.05850},
 primaryClass = {astro-ph.GA},
       adsurl = {https://ui.adsabs.harvard.edu/abs/2018ApJ...859...11S},
      adsnote = {Provided by the SAO/NASA Astrophysics Data System}
}

@ARTICLE{Sun2018,
       author = {{Sun}, Jiayi and {Leroy}, Adam K. and {Schruba}, Andreas and {Rosolowsky}, Erik and {Hughes}, Annie and {Kruijssen}, J.~M. Diederik and {Meidt}, Sharon and {Schinnerer}, Eva and {Blanc}, Guillermo A. and {Bigiel}, Frank and {Bolatto}, Alberto D. and {Chevance}, M{\'e}lanie and {Groves}, Brent and {Herrera}, Cinthya N. and {Hygate}, Alexander P.~S. and {Pety}, J{\'e}r{\^o}me and {Querejeta}, Miguel and {Usero}, Antonio and {Utomo}, Dyas},
        title = "{Cloud-scale Molecular Gas Properties in 15 Nearby Galaxies}",
      journal = {\apj},
     keywords = {galaxies: ISM, galaxies: spiral, galaxies: star formation, ISM: clouds, ISM: molecules, ISM: structure, Astrophysics - Astrophysics of Galaxies},
         year = 2018,
        month = jun,
       volume = {860},
       number = {2},
          eid = {172},
        pages = {172},
          doi = {10.3847/1538-4357/aac326},
archivePrefix = {arXiv},
       eprint = {1805.00937},
 primaryClass = {astro-ph.GA},
       adsurl = {https://ui.adsabs.harvard.edu/abs/2018ApJ...860..172S},
      adsnote = {Provided by the SAO/NASA Astrophysics Data System}
}

@ARTICLE{Heyer2001,
       author = {{Heyer}, Mark H. and {Carpenter}, John M. and {Snell}, Ronald L.},
        title = "{The Equilibrium State of Molecular Regions in the Outer Galaxy}",
      journal = {\apj},
     keywords = {Galaxy: Kinematics and Dynamics, Galaxy: Structure, ISM: Clouds, ISM: General, ISM: Kinematics and Dynamics, ISM: Molecules, Astrophysics},
         year = 2001,
        month = apr,
       volume = {551},
       number = {2},
        pages = {852-866},
          doi = {10.1086/320218},
archivePrefix = {arXiv},
       eprint = {astro-ph/0101133},
 primaryClass = {astro-ph},
       adsurl = {https://ui.adsabs.harvard.edu/abs/2001ApJ...551..852H},
      adsnote = {Provided by the SAO/NASA Astrophysics Data System}
}

@ARTICLE{Rosolowski2006,
       author = {{Rosolowsky}, Erik and {Leroy}, Adam},
        title = "{Bias-free Measurement of Giant Molecular Cloud Properties}",
      journal = {\pasp},
     keywords = {ISM: Clouds, Methods: Data Analysis, Radio Lines: ISM, Astrophysics},
         year = 2006,
        month = apr,
       volume = {118},
       number = {842},
        pages = {590-610},
          doi = {10.1086/502982},
archivePrefix = {arXiv},
       eprint = {astro-ph/0601706},
 primaryClass = {astro-ph},
       adsurl = {https://ui.adsabs.harvard.edu/abs/2006PASP..118..590R},
      adsnote = {Provided by the SAO/NASA Astrophysics Data System}
}

@ARTICLE{Leroy2016,
       author = {{Leroy}, Adam K. and {Hughes}, Annie and {Schruba}, Andreas and {Rosolowsky}, Erik and {Blanc}, Guillermo A. and {Bolatto}, Alberto D. and {Colombo}, Dario and {Escala}, Andres and {Kramer}, Carsten and {Kruijssen}, J.~M. Diederik and {Meidt}, Sharon and {Pety}, Jerome and {Querejeta}, Miguel and {Sandstrom}, Karin and {Schinnerer}, Eva and {Sliwa}, Kazimierz and {Usero}, Antonio},
        title = "{A Portrait of Cold Gas in Galaxies at 60 pc Resolution and a Simple Method to Test Hypotheses That Link Small-scale ISM Structure to Galaxy-scale Processes}",
      journal = {\apj},
     keywords = {galaxies: ISM, galaxies: star formation, ISM: clouds, ISM: molecules, ISM: structure, Astrophysics - Astrophysics of Galaxies},
         year = 2016,
        month = nov,
       volume = {831},
       number = {1},
          eid = {16},
        pages = {16},
          doi = {10.3847/0004-637X/831/1/16},
archivePrefix = {arXiv},
       eprint = {1606.07077},
 primaryClass = {astro-ph.GA},
       adsurl = {https://ui.adsabs.harvard.edu/abs/2016ApJ...831...16L},
      adsnote = {Provided by the SAO/NASA Astrophysics Data System}
}

@ARTICLE{Leroy2021a,
       author = {{Leroy}, Adam K. and {Hughes}, Annie and {Liu}, Daizhong and {Pety}, J{\'e}r{\^o}me and {Rosolowsky}, Erik and {Saito}, Toshiki and {Schinnerer}, Eva and {Schruba}, Andreas and {Usero}, Antonio and {Faesi}, Christopher M. and {Herrera}, Cinthya N. and {Chevance}, M{\'e}lanie and {Hygate}, Alexander P.~S. and {Kepley}, Amanda A. and {Koch}, Eric W. and {Querejeta}, Miguel and {Sliwa}, Kazimierz and {Will}, David and {Wilson}, Christine D. and {Anand}, Gagandeep S. and {Barnes}, Ashley and {Belfiore}, Francesco and {Be{\v{s}}li{\'c}}, Ivana and {Bigiel}, Frank and {Blanc}, Guillermo A. and {Bolatto}, Alberto D. and {Boquien}, M{\`e}d{\`e}ric and {Cao}, Yixian and {Chandar}, Rupali and {Chastenet}, J{\'e}r{\'e}my and {Chiang}, I-Da and {Congiu}, Enrico and {Dale}, Daniel A. and {Deger}, Sinan and {den Brok}, Jakob S. and {Eibensteiner}, Cosima and {Emsellem}, Eric and {Garc{\'\i}a-Rodr{\'\i}guez}, Axel and {Glover}, Simon C.~O. and {Grasha}, Kathryn and {Groves}, Brent and {Henshaw}, Jonathan D. and {Jim{\'e}nez Donaire}, Mar{\'\i}a J. and {Kim}, Jaeyeon and {Klessen}, Ralf S. and {Kreckel}, Kathryn and {Kruijssen}, J.~M. Diederik and {Larson}, Kirsten L. and {Lee}, Janice C. and {Mayker}, Ness and {McElroy}, Rebecca and {Meidt}, Sharon E. and {Mok}, Angus and {Pan}, Hsi-An and {Puschnig}, Johannes and {Razza}, Alessandro and {S{\'a}nchez-Bl'azquez}, Patricia and {Sandstrom}, Karin M. and {Santoro}, Francesco and {Sardone}, Amy and {Scheuermann}, Fabian and {Sun}, Jiayi and {Thilker}, David A. and {Turner}, Jordan A. and {Ubeda}, Leonardo and {Utomo}, Dyas and {Watkins}, Elizabeth J. and {Williams}, Thomas G.},
        title = "{PHANGS-ALMA Data Processing and Pipeline}",
      journal = {\apjs},
     keywords = {Radio interferometry, Interstellar medium, CO line emission, Millimeter astronomy, Astronomy data reduction, Galaxies, Star formation, 1346, 847, 262, 1061, 1861, 573, 1569, Astrophysics - Instrumentation and Methods for Astrophysics, Astrophysics - Astrophysics of Galaxies},
         year = 2021,
        month = jul,
       volume = {255},
       number = {1},
          eid = {19},
        pages = {19},
          doi = {10.3847/1538-4365/abec80},
archivePrefix = {arXiv},
       eprint = {2104.07665},
 primaryClass = {astro-ph.IM},
       adsurl = {https://ui.adsabs.harvard.edu/abs/2021ApJS..255...19L},
      adsnote = {Provided by the SAO/NASA Astrophysics Data System}
}

@ARTICLE{Leroy2021b,
       author = {{Leroy}, Adam K. and {Schinnerer}, Eva and {Hughes}, Annie and {Rosolowsky}, Erik and {Pety}, J{\'e}r{\^o}me and {Schruba}, Andreas and {Usero}, Antonio and {Blanc}, Guillermo A. and {Chevance}, M{\'e}lanie and {Emsellem}, Eric and {Faesi}, Christopher M. and {Herrera}, Cinthya N. and {Liu}, Daizhong and {Meidt}, Sharon E. and {Querejeta}, Miguel and {Saito}, Toshiki and {Sandstrom}, Karin M. and {Sun}, Jiayi and {Williams}, Thomas G. and {Anand}, Gagandeep S. and {Barnes}, Ashley T. and {Behrens}, Erica A. and {Belfiore}, Francesco and {Benincasa}, Samantha M. and {Be{\v{s}}li{\'c}}, Ivana and {Bigiel}, Frank and {Bolatto}, Alberto D. and {den Brok}, Jakob S. and {Cao}, Yixian and {Chandar}, Rupali and {Chastenet}, J{\'e}r{\'e}my and {Chiang}, I. -Da and {Congiu}, Enrico and {Dale}, Daniel A. and {Deger}, Sinan and {Eibensteiner}, Cosima and {Egorov}, Oleg V. and {Garc{\'\i}a-Rodr{\'\i}guez}, Axel and {Glover}, Simon C.~O. and {Grasha}, Kathryn and {Henshaw}, Jonathan D. and {Ho}, I. -Ting and {Kepley}, Amanda A. and {Kim}, Jaeyeon and {Klessen}, Ralf S. and {Kreckel}, Kathryn and {Koch}, Eric W. and {Kruijssen}, J.~M. Diederik and {Larson}, Kirsten L. and {Lee}, Janice C. and {Lopez}, Laura A. and {Machado}, Josh and {Mayker}, Ness and {McElroy}, Rebecca and {Murphy}, Eric J. and {Ostriker}, Eve C. and {Pan}, Hsi-An and {Pessa}, Ismael and {Puschnig}, Johannes and {Razza}, Alessandro and {S{\'a}nchez-Bl{\'a}zquez}, Patricia and {Santoro}, Francesco and {Sardone}, Amy and {Scheuermann}, Fabian and {Sliwa}, Kazimierz and {Sormani}, Mattia C. and {Stuber}, Sophia K. and {Thilker}, David A. and {Turner}, Jordan A. and {Utomo}, Dyas and {Watkins}, Elizabeth J. and {Whitmore}, Bradley},
        title = "{PHANGS-ALMA: Arcsecond CO(2-1) Imaging of Nearby Star-forming Galaxies}",
      journal = {\apjs},
     keywords = {847, 653, 1560, 1061, 594, 262, 136, 391, 573, 1569, 1338, 1602, Astrophysics - Astrophysics of Galaxies},
         year = 2021,
        month = dec,
       volume = {257},
       number = {2},
          eid = {43},
        pages = {43},
          doi = {10.3847/1538-4365/ac17f3},
archivePrefix = {arXiv},
       eprint = {2104.07739},
 primaryClass = {astro-ph.GA},
       adsurl = {https://ui.adsabs.harvard.edu/abs/2021ApJS..257...43L},
      adsnote = {Provided by the SAO/NASA Astrophysics Data System}
}



@ARTICLE{Solomon1987,
       author = {{Solomon}, P.~M. and {Rivolo}, A.~R. and {Barrett}, J. and {Yahil}, A.},
        title = "{Mass, Luminosity, and Line Width Relations of Galactic Molecular Clouds}",
      journal = {\apj},
     keywords = {Mass Distribution, Mass To Light Ratios, Milky Way Galaxy, Molecular Clouds, Spectral Line Width, Astronomical Catalogs, Astronomical Models, Astronomical Spectroscopy, Carbon Monoxide, Virial Theorem, Astrophysics, GALAXIES: THE GALAXY, INTERSTELLAR: MOLECULES},
         year = 1987,
        month = aug,
       volume = {319},
        pages = {730},
          doi = {10.1086/165493},
       adsurl = {https://ui.adsabs.harvard.edu/abs/1987ApJ...319..730S},
      adsnote = {Provided by the SAO/NASA Astrophysics Data System}
}

@ARTICLE{Bertoldi1992,
       author = {{Bertoldi}, Frank and {McKee}, Christopher F.},
        title = "{Pressure-confined Clumps in Magnetized Molecular Clouds}",
      journal = {\apj},
     keywords = {Interstellar Magnetic Fields, Interstellar Matter, Molecular Clouds, Pressure Effects, Virial Theorem, Interstellar Gas, Mach Number, Milky Way Galaxy, Astrophysics, ISM: MAGNETIC FIELDS, ISM: MOLECULES, TURBULENCE},
         year = 1992,
        month = aug,
       volume = {395},
        pages = {140},
          doi = {10.1086/171638},
       adsurl = {https://ui.adsabs.harvard.edu/abs/1992ApJ...395..140B},
      adsnote = {Provided by the SAO/NASA Astrophysics Data System}
}

@ARTICLE{Longmore2013,
       author = {{Longmore}, S.~N. and {Bally}, J. and {Testi}, L. and {Purcell}, C.~R. and {Walsh}, A.~J. and {Bressert}, E. and {Pestalozzi}, M. and {Molinari}, S. and {Ott}, J. and {Cortese}, L. and {Battersby}, C. and {Murray}, N. and {Lee}, E. and {Kruijssen}, J.~M.~D. and {Schisano}, E. and {Elia}, D.},
        title = "{Variations in the Galactic star formation rate and density thresholds for star formation}",
      journal = {\mnras},
     keywords = {masers, stars: formation, stars: massive, ISM: clouds, ISM: evolution, Galaxy: centre, Astrophysics - Astrophysics of Galaxies, Astrophysics - Cosmology and Nongalactic Astrophysics},
         year = 2013,
        month = feb,
       volume = {429},
       number = {2},
        pages = {987-1000},
          doi = {10.1093/mnras/sts376},
archivePrefix = {arXiv},
       eprint = {1208.4256},
 primaryClass = {astro-ph.GA},
       adsurl = {https://ui.adsabs.harvard.edu/abs/2013MNRAS.429..987L},
      adsnote = {Provided by the SAO/NASA Astrophysics Data System}
}

@ARTICLE{Usero2015,
       author = {{Usero}, Antonio and {Leroy}, Adam K. and {Walter}, Fabian and {Schruba}, Andreas and {Garc{\'\i}a-Burillo}, Santiago and {Sandstrom}, Karin and {Bigiel}, Frank and {Brinks}, Elias and {Kramer}, Carsten and {Rosolowsky}, Erik and {Schuster}, Karl-Friedrich and {de Blok}, W.~J.~G.},
        title = "{Variations in the Star Formation Efficiency of the Dense Molecular Gas across the Disks of Star-forming Galaxies}",
      journal = {\aj},
     keywords = {galaxies: ISM, galaxies: star formation, ISM: molecules, ISM: structure, radio lines: galaxies, radio lines: ISM, Astrophysics - Astrophysics of Galaxies},
         year = 2015,
        month = oct,
       volume = {150},
       number = {4},
          eid = {115},
        pages = {115},
          doi = {10.1088/0004-6256/150/4/115},
archivePrefix = {arXiv},
       eprint = {1506.00703},
 primaryClass = {astro-ph.GA},
       adsurl = {https://ui.adsabs.harvard.edu/abs/2015AJ....150..115U},
      adsnote = {Provided by the SAO/NASA Astrophysics Data System}
}

@ARTICLE{Bigiel2016,
       author = {{Bigiel}, Frank and {Leroy}, Adam K. and {Jim{\'e}nez-Donaire}, Maria J. and {Pety}, J{\'e}r{\^o}me and {Usero}, Antonio and {Cormier}, Diane and {Bolatto}, Alberto and {Garcia-Burillo}, Santiago and {Colombo}, Dario and {Gonz{\'a}lez-Garc{\'\i}a}, Manuel and {Hughes}, Annie and {Kepley}, Amanda A. and {Kramer}, Carsten and {Sandstrom}, Karin and {Schinnerer}, Eva and {Schruba}, Andreas and {Schuster}, Karl and {Tomicic}, Neven and {Zschaechner}, Laura},
        title = "{The EMPIRE Survey: Systematic Variations in the Dense Gas Fraction and Star Formation Efficiency from Full-disk Mapping of M51}",
      journal = {\apjl},
     keywords = {galaxies: individual: M51, galaxies: ISM, galaxies: star formation, ISM: molecules, radio lines: galaxies, Astrophysics - Astrophysics of Galaxies},
         year = 2016,
        month = may,
       volume = {822},
       number = {2},
          eid = {L26},
        pages = {L26},
          doi = {10.3847/2041-8205/822/2/L26},
archivePrefix = {arXiv},
       eprint = {1604.05316},
 primaryClass = {astro-ph.GA},
       adsurl = {https://ui.adsabs.harvard.edu/abs/2016ApJ...822L..26B},
      adsnote = {Provided by the SAO/NASA Astrophysics Data System}
}

@ARTICLE{Querejeta2019,
       author = {{Querejeta}, M. and {Schinnerer}, E. and {Schruba}, A. and {Murphy}, E. and {Meidt}, S. and {Usero}, A. and {Leroy}, A.~K. and {Pety}, J. and {Bigiel}, F. and {Chevance}, M. and {Faesi}, C.~M. and {Gallagher}, M. and {Garc{\'\i}a-Burillo}, S. and {Glover}, S.~C.~O. and {Hygate}, A.~P.~S. and {Jim{\'e}nez-Donaire}, M.~J. and {Kruijssen}, J.~M.~D. and {Momjian}, E. and {Rosolowsky}, E. and {Utomo}, D.},
        title = "{Dense gas is not enough: environmental variations in the star formation efficiency of dense molecular gas at 100 pc scales in M 51}",
      journal = {\aap},
     keywords = {galaxies: individual: NGC 5194, galaxies: ISM, galaxies: star formation, galaxies: structure, Astrophysics - Astrophysics of Galaxies},
         year = 2019,
        month = may,
       volume = {625},
          eid = {A19},
        pages = {A19},
          doi = {10.1051/0004-6361/201834915},
archivePrefix = {arXiv},
       eprint = {1902.10437},
 primaryClass = {astro-ph.GA},
       adsurl = {https://ui.adsabs.harvard.edu/abs/2019A&A...625A..19Q},
      adsnote = {Provided by the SAO/NASA Astrophysics Data System}
}

@ARTICLE{Kelly2007,
       author = {{Kelly}, Brandon C.},
        title = "{Some Aspects of Measurement Error in Linear Regression of Astronomical Data}",
      journal = {\apj},
     keywords = {Methods: Data Analysis, Methods: Numerical, Methods: Statistical, Astrophysics},
         year = 2007,
        month = aug,
       volume = {665},
       number = {2},
        pages = {1489-1506},
          doi = {10.1086/519947},
archivePrefix = {arXiv},
       eprint = {0705.2774},
 primaryClass = {astro-ph},
       adsurl = {https://ui.adsabs.harvard.edu/abs/2007ApJ...665.1489K},
      adsnote = {Provided by the SAO/NASA Astrophysics Data System}
}

@ARTICLE{Kennicutt1998,
       author = {{Kennicutt}, Robert C., Jr.},
        title = "{The Global Schmidt Law in Star-forming Galaxies}",
      journal = {\apj},
     keywords = {GALAXIES: EVOLUTION, GALAXIES: ISM, GALAXIES: SPIRAL, GALAXIES: STELLAR CONTENT, GALAXIES: STARBURST, STARS: FORMATION, Galaxies: Evolution, Galaxies: ISM, Galaxies: Spiral, Galaxies: Starburst, Galaxies: Stellar Content, Stars: Formation, Astrophysics},
         year = 1998,
        month = may,
       volume = {498},
       number = {2},
        pages = {541-552},
          doi = {10.1086/305588},
archivePrefix = {arXiv},
       eprint = {astro-ph/9712213},
 primaryClass = {astro-ph},
       adsurl = {https://ui.adsabs.harvard.edu/abs/1998ApJ...498..541K},
      adsnote = {Provided by the SAO/NASA Astrophysics Data System}
}

@ARTICLE{Bigiel2008,
       author = {{Bigiel}, F. and {Leroy}, A. and {Walter}, F. and {Brinks}, E. and {de Blok}, W.~J.~G. and {Madore}, B. and {Thornley}, M.~D.},
        title = "{The Star Formation Law in Nearby Galaxies on Sub-Kpc Scales}",
      journal = {\aj},
     keywords = {galaxies: evolution, galaxies: ISM, radio lines: galaxies, radio lines: ISM, Astrophysics},
         year = 2008,
        month = dec,
       volume = {136},
       number = {6},
        pages = {2846-2871},
          doi = {10.1088/0004-6256/136/6/2846},
archivePrefix = {arXiv},
       eprint = {0810.2541},
 primaryClass = {astro-ph},
       adsurl = {https://ui.adsabs.harvard.edu/abs/2008AJ....136.2846B},
      adsnote = {Provided by the SAO/NASA Astrophysics Data System}
}

@ARTICLE{Schruba2011,
       author = {{Schruba}, Andreas and {Leroy}, Adam K. and {Walter}, Fabian and {Bigiel}, Frank and {Brinks}, Elias and {de Blok}, W.~J.~G. and {Dumas}, Gaelle and {Kramer}, Carsten and {Rosolowsky}, Erik and {Sandstrom}, Karin and {Schuster}, Karl and {Usero}, Antonio and {Weiss}, Axel and {Wiesemeyer}, Helmut},
        title = "{A Molecular Star Formation Law in the Atomic-gas-dominated Regime in Nearby Galaxies}",
      journal = {\aj},
     keywords = {galaxies: evolution, galaxies: ISM, radio lines: galaxies, stars: formation, Astrophysics - Cosmology and Nongalactic Astrophysics, Astrophysics - Astrophysics of Galaxies},
         year = 2011,
        month = aug,
       volume = {142},
       number = {2},
          eid = {37},
        pages = {37},
          doi = {10.1088/0004-6256/142/2/37},
archivePrefix = {arXiv},
       eprint = {1105.4605},
 primaryClass = {astro-ph.CO},
       adsurl = {https://ui.adsabs.harvard.edu/abs/2011AJ....142...37S},
      adsnote = {Provided by the SAO/NASA Astrophysics Data System}
}

@ARTICLE{Leroy2013b,
       author = {{Leroy}, Adam K. and {Walter}, Fabian and {Sandstrom}, Karin and {Schruba}, Andreas and {Munoz-Mateos}, Juan-Carlos and {Bigiel}, Frank and {Bolatto}, Alberto and {Brinks}, Elias and {de Blok}, W.~J.~G. and {Meidt}, Sharon and {Rix}, Hans-Walter and {Rosolowsky}, Erik and {Schinnerer}, Eva and {Schuster}, Karl-Friedrich and {Usero}, Antonio},
        title = "{Molecular Gas and Star Formation in nearby Disk Galaxies}",
      journal = {\aj},
     keywords = {evolution, galaxies: ISM, galaxies: spiral, ISM: molecules, stars: formation, Astrophysics - Cosmology and Nongalactic Astrophysics},
         year = 2013,
        month = aug,
       volume = {146},
       number = {2},
          eid = {19},
        pages = {19},
          doi = {10.1088/0004-6256/146/2/19},
archivePrefix = {arXiv},
       eprint = {1301.2328},
 primaryClass = {astro-ph.CO},
       adsurl = {https://ui.adsabs.harvard.edu/abs/2013AJ....146...19L},
      adsnote = {Provided by the SAO/NASA Astrophysics Data System}
}

@ARTICLE{Lada2003,
       author = {{Lada}, Charles J. and {Lada}, Elizabeth A.},
        title = "{Embedded Clusters in Molecular Clouds}",
      journal = {\araa},
     keywords = {Astrophysics},
         year = 2003,
        month = jan,
       volume = {41},
        pages = {57-115},
          doi = {10.1146/annurev.astro.41.011802.094844},
archivePrefix = {arXiv},
       eprint = {astro-ph/0301540},
 primaryClass = {astro-ph},
       adsurl = {https://ui.adsabs.harvard.edu/abs/2003ARA&A..41...57L},
      adsnote = {Provided by the SAO/NASA Astrophysics Data System}
}

@ARTICLE{Kainulainen2009,
       author = {{Kainulainen}, J. and {Beuther}, H. and {Henning}, T. and {Plume}, R.},
        title = "{Probing the evolution of molecular cloud structure. From quiescence to birth}",
      journal = {\aap},
     keywords = {ISM: clouds, ISM: structure, stars: formation, dust, extinction, evolution, Astrophysics - Astrophysics of Galaxies, Astrophysics - Solar and Stellar Astrophysics},
         year = 2009,
        month = dec,
       volume = {508},
       number = {3},
        pages = {L35-L38},
          doi = {10.1051/0004-6361/200913605},
archivePrefix = {arXiv},
       eprint = {0911.5648},
 primaryClass = {astro-ph.GA},
       adsurl = {https://ui.adsabs.harvard.edu/abs/2009A&A...508L..35K},
      adsnote = {Provided by the SAO/NASA Astrophysics Data System}
}

@ARTICLE{Heiderman2010,
       author = {{Heiderman}, Amanda and {Evans}, Neal J., II and {Allen}, Lori E. and {Huard}, Tracy and {Heyer}, Mark},
        title = "{The Star Formation Rate and Gas Surface Density Relation in the Milky Way: Implications for Extragalactic Studies}",
      journal = {\apj},
     keywords = {dust, extinction, galaxies: ISM, galaxies: star formation, infrared: stars, ISM: clouds, stars: formation, Astrophysics - Astrophysics of Galaxies, Astrophysics - Cosmology and Nongalactic Astrophysics},
         year = 2010,
        month = nov,
       volume = {723},
       number = {2},
        pages = {1019-1037},
          doi = {10.1088/0004-637X/723/2/1019},
archivePrefix = {arXiv},
       eprint = {1009.1621},
 primaryClass = {astro-ph.GA},
       adsurl = {https://ui.adsabs.harvard.edu/abs/2010ApJ...723.1019H},
      adsnote = {Provided by the SAO/NASA Astrophysics Data System}
}

@ARTICLE{Andre2014,
       author = {{Andr{\'e}}, P. and {Di Francesco}, J. and {Ward-Thompson}, D. and {Inutsuka}, S. -I. and {Pudritz}, R.~E. and {Pineda}, J.~E.},
        title = "{From Filamentary Networks to Dense Cores in Molecular Clouds: Toward a New Paradigm for Star Formation}",
     keywords = {Astrophysics - Astrophysics of Galaxies, Astrophysics - Cosmology and Nongalactic Astrophysics},
    journal = {Protostars and Planets VI},
         year = 2014,
       editor = {{Beuther}, Henrik and {Klessen}, Ralf S. and {Dullemond}, Cornelis P. and {Henning}, Thomas},
        month = jan,
        pages = {27},
          doi = {10.2458/azu_uapress_9780816531240-ch002},
archivePrefix = {arXiv},
       eprint = {1312.6232},
 primaryClass = {astro-ph.GA},
       adsurl = {https://ui.adsabs.harvard.edu/abs/2014prpl.conf...27A},
      adsnote = {Provided by the SAO/NASA Astrophysics Data System}
}

@ARTICLE{Padoan2002,
       author = {{Padoan}, Paolo and {Nordlund}, {\r{A}}ke},
        title = "{The Stellar Initial Mass Function from Turbulent Fragmentation}",
      journal = {\apj},
     keywords = {ISM: Kinematics and Dynamics, Stars: Formation, Stars: Luminosity Function, Mass Function, Turbulence, Astrophysics},
         year = 2002,
        month = sep,
       volume = {576},
       number = {2},
        pages = {870-879},
          doi = {10.1086/341790},
archivePrefix = {arXiv},
       eprint = {astro-ph/0011465},
 primaryClass = {astro-ph},
       adsurl = {https://ui.adsabs.harvard.edu/abs/2002ApJ...576..870P},
      adsnote = {Provided by the SAO/NASA Astrophysics Data System}
}

@ARTICLE{Krumholz2007,
       author = {{Krumholz}, Mark R. and {Thompson}, Todd A.},
        title = "{The Relationship between Molecular Gas Tracers and Kennicutt-Schmidt Laws}",
      journal = {\apj},
     keywords = {Galaxies: ISM, ISM: Clouds, ISM: Molecules, Radio Lines: ISM, Stars: Formation, Astrophysics},
         year = 2007,
        month = nov,
       volume = {669},
       number = {1},
        pages = {289-298},
          doi = {10.1086/521642},
archivePrefix = {arXiv},
       eprint = {0704.0792},
 primaryClass = {astro-ph},
       adsurl = {https://ui.adsabs.harvard.edu/abs/2007ApJ...669..289K},
      adsnote = {Provided by the SAO/NASA Astrophysics Data System}
}

@ARTICLE{Federrath2013,
       author = {{Federrath}, Christoph and {Klessen}, Ralf S.},
        title = "{On the Star Formation Efficiency of Turbulent Magnetized Clouds}",
      journal = {\apj},
     keywords = {ISM: clouds, ISM: kinematics and dynamics, ISM: structure, magnetohydrodynamics: MHD, stars: formation, turbulence, Astrophysics - Solar and Stellar Astrophysics, Astrophysics - Cosmology and Extragalactic Astrophysics, Astrophysics - Galaxy Astrophysics, Astrophysics - Instrumentation and Methods for Astrophysics, Physics - Data Analysis, Statistics and Probability},
         year = 2013,
        month = jan,
       volume = {763},
       number = {1},
          eid = {51},
        pages = {51},
          doi = {10.1088/0004-637X/763/1/51},
archivePrefix = {arXiv},
       eprint = {1211.6433},
 primaryClass = {astro-ph.SR},
       adsurl = {https://ui.adsabs.harvard.edu/abs/2013ApJ...763...51F},
      adsnote = {Provided by the SAO/NASA Astrophysics Data System}
}

@ARTICLE{Federrath2012,
       author = {{Federrath}, Christoph and {Klessen}, Ralf S.},
        title = "{The Star Formation Rate of Turbulent Magnetized Clouds: Comparing Theory, Simulations, and Observations}",
      journal = {\apj},
     keywords = {ISM: clouds, ISM: kinematics and dynamics, ISM: structure, magnetohydrodynamics: MHD, stars: formation, turbulence, Astrophysics - Solar and Stellar Astrophysics, Astrophysics - Cosmology and Nongalactic Astrophysics, Astrophysics - Astrophysics of Galaxies},
         year = 2012,
        month = dec,
       volume = {761},
       number = {2},
          eid = {156},
        pages = {156},
          doi = {10.1088/0004-637X/761/2/156},
archivePrefix = {arXiv},
       eprint = {1209.2856},
 primaryClass = {astro-ph.SR},
       adsurl = {https://ui.adsabs.harvard.edu/abs/2012ApJ...761..156F},
      adsnote = {Provided by the SAO/NASA Astrophysics Data System}
}



@ARTICLE{Leroy2017,
       author = {{Leroy}, Adam K. and {Usero}, Antonio and {Schruba}, Andreas and {Bigiel}, Frank and {Kruijssen}, J.~M. Diederik and {Kepley}, Amanda and {Blanc}, Guillermo A. and {Bolatto}, Alberto D. and {Cormier}, Diane and {Gallagher}, Molly and {Hughes}, Annie and {Jim{\'e}nez-Donaire}, Maria J. and {Rosolowsky}, Erik and {Schinnerer}, Eva},
        title = "{Millimeter-wave Line Ratios and Sub-beam Volume Density Distributions}",
      journal = {\apj},
     keywords = {galaxies: ISM, galaxies: star formation, ISM: clouds, ISM: molecules, ISM: structure, radio lines: ISM, Astrophysics - Astrophysics of Galaxies},
         year = 2017,
        month = feb,
       volume = {835},
       number = {2},
          eid = {217},
        pages = {217},
          doi = {10.3847/1538-4357/835/2/217},
archivePrefix = {arXiv},
       eprint = {1611.09864},
 primaryClass = {astro-ph.GA},
       adsurl = {https://ui.adsabs.harvard.edu/abs/2017ApJ...835..217L},
      adsnote = {Provided by the SAO/NASA Astrophysics Data System}
}

@ARTICLE{Wu2005,
       author = {{Wu}, Jingwen and {Evans}, Neal J., II and {Gao}, Yu and {Solomon}, Philip M. and {Shirley}, Yancy L. and {Vanden Bout}, Paul A.},
        title = "{Connecting Dense Gas Tracers of Star Formation in our Galaxy to High-z Star Formation}",
      journal = {\apjl},
     keywords = {ISM: Molecules, Stars: Formation, Astrophysics},
         year = 2005,
        month = dec,
       volume = {635},
       number = {2},
        pages = {L173-L176},
          doi = {10.1086/499623},
archivePrefix = {arXiv},
       eprint = {astro-ph/0511424},
 primaryClass = {astro-ph},
       adsurl = {https://ui.adsabs.harvard.edu/abs/2005ApJ...635L.173W},
      adsnote = {Provided by the SAO/NASA Astrophysics Data System}
}

@ARTICLE{Elmegreen2018,
       author = {{Elmegreen}, Bruce G.},
        title = "{On the Appearance of Thresholds in the Dynamical Model of Star Formation}",
      journal = {\apj},
     keywords = {galaxies: ISM, galaxies: star formation, ISM: molecules, local interstellar matter, stars: formation, Astrophysics - Astrophysics of Galaxies},
         year = 2018,
        month = feb,
       volume = {854},
       number = {1},
          eid = {16},
        pages = {16},
          doi = {10.3847/1538-4357/aaa770},
archivePrefix = {arXiv},
       eprint = {1801.04375},
 primaryClass = {astro-ph.GA},
       adsurl = {https://ui.adsabs.harvard.edu/abs/2018ApJ...854...16E},
      adsnote = {Provided by the SAO/NASA Astrophysics Data System}
}

@ARTICLE{Jimenez-Donaire2017,
       author = {{Jim{\'e}nez-Donaire}, M.~J. and {Bigiel}, F. and {Leroy}, A.~K. and {Cormier}, D. and {Gallagher}, M. and {Usero}, A. and {Bolatto}, A. and {Colombo}, D. and {Garc{\'\i}a-Burillo}, S. and {Hughes}, A. and {Kramer}, C. and {Krumholz}, M.~R. and {Meier}, D.~S. and {Murphy}, E. and {Pety}, J. and {Rosolowsky}, E. and {Schinnerer}, E. and {Schruba}, A. and {Tomi{\v{c}}i{\'c}}, N. and {Zschaechner}, L.},
        title = "{Optical depth estimates and effective critical densities of dense gas tracers in the inner parts of nearby galaxy discs}",
      journal = {\mnras},
     keywords = {ISM: molecules, galaxies: abundances, galaxies: star formation, Astrophysics - Astrophysics of Galaxies},
         year = 2017,
        month = apr,
       volume = {466},
       number = {1},
        pages = {49-62},
          doi = {10.1093/mnras/stw2996},
archivePrefix = {arXiv},
       eprint = {1612.05253},
 primaryClass = {astro-ph.GA},
       adsurl = {https://ui.adsabs.harvard.edu/abs/2017MNRAS.466...49J},
      adsnote = {Provided by the SAO/NASA Astrophysics Data System}
}

@ARTICLE{Sun2020a,
       author = {{Sun}, Jiayi and {Leroy}, Adam K. and {Ostriker}, Eve C. and {Hughes}, Annie and {Rosolowsky}, Erik and {Schruba}, Andreas and {Schinnerer}, Eva and {Blanc}, Guillermo A. and {Faesi}, Christopher and {Kruijssen}, J.~M. Diederik and {Meidt}, Sharon and {Utomo}, Dyas and {Bigiel}, Frank and {Bolatto}, Alberto D. and {Chevance}, M{\'e}lanie and {Chiang}, I-Da and {Dale}, Daniel and {Emsellem}, Eric and {Glover}, Simon C.~O. and {Grasha}, Kathryn and {Henshaw}, Jonathan and {Herrera}, Cinthya N. and {Jimenez-Donaire}, Maria Jesus and {Lee}, Janice C. and {Pety}, J{\'e}r{\^o}me and {Querejeta}, Miguel and {Saito}, Toshiki and {Sandstrom}, Karin and {Usero}, Antonio},
        title = "{Dynamical Equilibrium in the Molecular ISM in 28 Nearby Star-forming Galaxies}",
      journal = {\apj},
     keywords = {Interstellar molecules, Star formation, Interstellar dynamics, 849, 1569, 839, Astrophysics - Astrophysics of Galaxies},
         year = 2020,
        month = apr,
       volume = {892},
       number = {2},
          eid = {148},
        pages = {148},
          doi = {10.3847/1538-4357/ab781c},
archivePrefix = {arXiv},
       eprint = {2002.08964},
 primaryClass = {astro-ph.GA},
       adsurl = {https://ui.adsabs.harvard.edu/abs/2020ApJ...892..148S},
      adsnote = {Provided by the SAO/NASA Astrophysics Data System}
}


@ARTICLE{Sun2020b,
       author = {{Sun}, Jiayi and {Leroy}, Adam K. and {Schinnerer}, Eva and {Hughes}, Annie and {Rosolowsky}, Erik and {Querejeta}, Miguel and {Schruba}, Andreas and {Liu}, Daizhong and {Saito}, Toshiki and {Herrera}, Cinthya N. and {Faesi}, Christopher and {Usero}, Antonio and {Pety}, J{\'e}r{\^o}me and {Kruijssen}, J.~M. Diederik and {Ostriker}, Eve C. and {Bigiel}, Frank and {Blanc}, Guillermo A. and {Bolatto}, Alberto D. and {Boquien}, M{\'e}d{\'e}ric and {Chevance}, M{\'e}lanie and {Dale}, Daniel A. and {Deger}, Sinan and {Emsellem}, Eric and {Glover}, Simon C.~O. and {Grasha}, Kathryn and {Groves}, Brent and {Henshaw}, Jonathan and {Jimenez-Donaire}, Maria J. and {Kim}, Jenny J. and {Klessen}, Ralf S. and {Kreckel}, Kathryn and {Lee}, Janice C. and {Meidt}, Sharon and {Sandstrom}, Karin and {Sardone}, Amy E. and {Utomo}, Dyas and {Williams}, Thomas G.},
        title = "{Molecular Gas Properties on Cloud Scales across the Local Star-forming Galaxy Population}",
      journal = {\apjl},
     keywords = {Millimeter astronomy, Molecular gas, Late-type galaxies, 1061, 1073, 907, Astrophysics - Astrophysics of Galaxies},
         year = 2020,
        month = sep,
       volume = {901},
       number = {1},
          eid = {L8},
        pages = {L8},
          doi = {10.3847/2041-8213/abb3be},
archivePrefix = {arXiv},
       eprint = {2009.01842},
 primaryClass = {astro-ph.GA},
       adsurl = {https://ui.adsabs.harvard.edu/abs/2020ApJ...901L...8S},
      adsnote = {Provided by the SAO/NASA Astrophysics Data System}
}

@ARTICLE{Sanchez2014,
       author = {{S{\'a}nchez}, S.~F. and {Rosales-Ortega}, F.~F. and {Iglesias-P{\'a}ramo}, J. and {Moll{\'a}}, M. and {Barrera-Ballesteros}, J. and {Marino}, R.~A. and {P{\'e}rez}, E. and {S{\'a}nchez-Blazquez}, P. and {Gonz{\'a}lez Delgado}, R. and {Cid Fernandes}, R. and {de Lorenzo-C{\'a}ceres}, A. and {Mendez-Abreu}, J. and {Galbany}, L. and {Falcon-Barroso}, J. and {Miralles-Caballero}, D. and {Husemann}, B. and {Garc{\'\i}a-Benito}, R. and {Mast}, D. and {Walcher}, C.~J. and {Gil de Paz}, A. and {Garc{\'\i}a-Lorenzo}, B. and {Jungwiert}, B. and {V{\'\i}lchez}, J.~M. and {J{\'\i}lkov{\'a}}, Lucie and {Lyubenova}, M. and {Cortijo-Ferrero}, C. and {D{\'\i}az}, A.~I. and {Wisotzki}, L. and {M{\'a}rquez}, I. and {Bland-Hawthorn}, J. and {Ellis}, S. and {van de Ven}, G. and {Jahnke}, K. and {Papaderos}, P. and {Gomes}, J.~M. and {Mendoza}, M.~A. and {L{\'o}pez-S{\'a}nchez}, {\'A}. R.},
        title = "{A characteristic oxygen abundance gradient in galaxy disks unveiled with CALIFA}",
      journal = {\aap},
     keywords = {HII regions, galaxies: ISM, ISM: abundances, galaxies: abundances, galaxies: evolution, galaxies: star formation, Astrophysics - Cosmology and Nongalactic Astrophysics},
         year = 2014,
        month = mar,
       volume = {563},
          eid = {A49},
        pages = {A49},
          doi = {10.1051/0004-6361/201322343},
archivePrefix = {arXiv},
       eprint = {1311.7052},
 primaryClass = {astro-ph.CO},
       adsurl = {https://ui.adsabs.harvard.edu/abs/2014A&A...563A..49S},
      adsnote = {Provided by the SAO/NASA Astrophysics Data System}
}

@ARTICLE{Veron2010,
       author = {{V{\'e}ron-Cetty}, M. -P. and {V{\'e}ron}, P.},
        title = "{A catalogue of quasars and active nuclei: 13th edition}",
      journal = {\aap},
     keywords = {quasars: general, galaxies: Seyfert, BL Lacertae objects: general},
         year = 2010,
        month = jul,
       volume = {518},
          eid = {A10},
        pages = {A10},
          doi = {10.1051/0004-6361/201014188},
       adsurl = {https://ui.adsabs.harvard.edu/abs/2010A&A...518A..10V},
      adsnote = {Provided by the SAO/NASA Astrophysics Data System}
}

@ARTICLE{Barnes2017,
       author = {{Barnes}, A.~T. and {Longmore}, S.~N. and {Battersby}, C. and {Bally}, J. and {Kruijssen}, J.~M.~D. and {Henshaw}, J.~D. and {Walker}, D.~L.},
        title = "{Star formation rates and efficiencies in the Galactic Centre}",
      journal = {\mnras},
     keywords = {stars: formation, ISM: clouds, H $\lt$sc$\gt$II$\lt$/sc$\gt$ regions, Galaxy: centre, Astrophysics - Astrophysics of Galaxies},
         year = 2017,
        month = aug,
       volume = {469},
       number = {2},
        pages = {2263-2285},
          doi = {10.1093/mnras/stx941},
archivePrefix = {arXiv},
       eprint = {1704.03572},
 primaryClass = {astro-ph.GA},
       adsurl = {https://ui.adsabs.harvard.edu/abs/2017MNRAS.469.2263B},
      adsnote = {Provided by the SAO/NASA Astrophysics Data System}
}

@ARTICLE{Padoan2014,
       author = {{Padoan}, P. and {Federrath}, C. and {Chabrier}, G. and {Evans}, N.~J., II and {Johnstone}, D. and {J{\o}rgensen}, J.~K. and {McKee}, C.~F. and {Nordlund}, {\r{A}}.},
        title = "{The Star Formation Rate of Molecular Clouds}",
     keywords = {Astrophysics - Astrophysics of Galaxies},
      journal = {Protostars and Planets VI},
         year = 2014,
       editor = {{Beuther}, Henrik and {Klessen}, Ralf S. and {Dullemond}, Cornelis P. and {Henning}, Thomas},
        month = jan,
        pages = {77},
          doi = {10.2458/azu\_uapress\_9780816531240-ch004},
archivePrefix = {arXiv},
       eprint = {1312.5365},
 primaryClass = {astro-ph.GA},
       adsurl = {https://ui.adsabs.harvard.edu/abs/2014prpl.conf...77P},
      adsnote = {Provided by the SAO/NASA Astrophysics Data System}
}

@ARTICLE{Jimenez-Donaire2019,
       author = {{Jim{\'e}nez-Donaire}, Mar{\'\i}a J. and {Bigiel}, F. and {Leroy}, A.~K. and {Usero}, A. and {Cormier}, D. and {Puschnig}, J. and {Gallagher}, M. and {Kepley}, A. and {Bolatto}, A. and {Garc{\'\i}a-Burillo}, S. and {Hughes}, A. and {Kramer}, C. and {Pety}, J. and {Schinnerer}, E. and {Schruba}, A. and {Schuster}, K. and {Walter}, F.},
        title = "{EMPIRE: The IRAM 30 m Dense Gas Survey of Nearby Galaxies}",
      journal = {\apj},
     keywords = {galaxies: ISM, galaxies: star formation, ISM: molecules, radio lines: galaxies, Astrophysics - Astrophysics of Galaxies},
         year = 2019,
        month = aug,
       volume = {880},
       number = {2},
          eid = {127},
        pages = {127},
          doi = {10.3847/1538-4357/ab2b95},
archivePrefix = {arXiv},
       eprint = {1906.08779},
 primaryClass = {astro-ph.GA},
       adsurl = {https://ui.adsabs.harvard.edu/abs/2019ApJ...880..127J},
      adsnote = {Provided by the SAO/NASA Astrophysics Data System}
}

@ARTICLE{McGaugh2014,
       author = {{McGaugh}, Stacy S. and {Schombert}, James M.},
        title = "{Color-Mass-to-light-ratio Relations for Disk Galaxies}",
      journal = {\aj},
     keywords = {galaxies: evolution, galaxies: fundamental parameters, galaxies: photometry, galaxies: stellar content, Astrophysics - Astrophysics of Galaxies},
         year = 2014,
        month = nov,
       volume = {148},
       number = {5},
          eid = {77},
        pages = {77},
          doi = {10.1088/0004-6256/148/5/77},
archivePrefix = {arXiv},
       eprint = {1407.1839},
 primaryClass = {astro-ph.GA},
       adsurl = {https://ui.adsabs.harvard.edu/abs/2014AJ....148...77M},
      adsnote = {Provided by the SAO/NASA Astrophysics Data System}
}

@ARTICLE{Querejeta2015,
       author = {{Querejeta}, Miguel and {Meidt}, Sharon E. and {Schinnerer}, Eva and {Cisternas}, Mauricio and {Mu{\~n}oz-Mateos}, Juan Carlos and {Sheth}, Kartik and {Knapen}, Johan and {van de Ven}, Glenn and {Norris}, Mark A. and {Peletier}, Reynier and {Laurikainen}, Eija and {Salo}, Heikki and {Holwerda}, Benne W. and {Athanassoula}, E. and {Bosma}, Albert and {Groves}, Brent and {Ho}, Luis C. and {Gadotti}, Dimitri A. and {Zaritsky}, Dennis and {Regan}, Michael and {Hinz}, Joannah and {Gil de Paz}, Armando and {Menendez-Delmestre}, Karin and {Seibert}, Mark and {Mizusawa}, Trisha and {Kim}, Taehyun and {Erroz-Ferrer}, Santiago and {Laine}, Jarkko and {Comer{\'o}n}, S{\'e}bastien},
        title = "{The Spitzer Survey of Stellar Structure in Galaxies (S$^{4}$G): Precise Stellar Mass Distributions from Automated Dust Correction at 3.6 {\ensuremath{\mu}}m}",
      journal = {\apjs},
     keywords = {galaxies: evolution, galaxies: formation, galaxies: photometry, galaxies: structure, Astrophysics - Astrophysics of Galaxies},
         year = 2015,
        month = jul,
       volume = {219},
       number = {1},
          eid = {5},
        pages = {5},
          doi = {10.1088/0067-0049/219/1/5},
archivePrefix = {arXiv},
       eprint = {1410.0009},
 primaryClass = {astro-ph.GA},
       adsurl = {https://ui.adsabs.harvard.edu/abs/2015ApJS..219....5Q},
      adsnote = {Provided by the SAO/NASA Astrophysics Data System}
}

@ARTICLE{Sheth2010,
       author = {{Sheth}, Kartik and {Regan}, Michael and {Hinz}, Joannah L. and {Gil de Paz}, Armando and {Men{\'e}ndez-Delmestre}, Kar{\'\i}n and {Mu{\~n}oz-Mateos}, Juan-Carlos and {Seibert}, Mark and {Kim}, Taehyun and {Laurikainen}, Eija and {Salo}, Heikki and {Gadotti}, Dimitri A. and {Laine}, Jarkko and {Mizusawa}, Trisha and {Armus}, Lee and {Athanassoula}, E. and {Bosma}, Albert and {Buta}, Ronald J. and {Capak}, Peter and {Jarrett}, Thomas H. and {Elmegreen}, Debra M. and {Elmegreen}, Bruce G. and {Knapen}, Johan H. and {Koda}, Jin and {Helou}, George and {Ho}, Luis C. and {Madore}, Barry F. and {Masters}, Karen L. and {Mobasher}, Bahram and {Ogle}, Patrick and {Peng}, Chien Y. and {Schinnerer}, Eva and {Surace}, Jason A. and {Zaritsky}, Dennis and {Comer{\'o}n}, S{\'e}bastien and {de Swardt}, Bonita and {Meidt}, Sharon E. and {Kasliwal}, Mansi and {Aravena}, Manuel},
        title = "{The Spitzer Survey of Stellar Structure in Galaxies (S4G)}",
      journal = {\pasp},
     keywords = {Astrophysics - Cosmology and Nongalactic Astrophysics},
         year = 2010,
        month = dec,
       volume = {122},
       number = {898},
        pages = {1397},
          doi = {10.1086/657638},
archivePrefix = {arXiv},
       eprint = {1010.1592},
 primaryClass = {astro-ph.CO},
       adsurl = {https://ui.adsabs.harvard.edu/abs/2010PASP..122.1397S},
      adsnote = {Provided by the SAO/NASA Astrophysics Data System}
}

@ARTICLE{Walter2008,
       author = {{Walter}, Fabian and {Brinks}, Elias and {de Blok}, W.~J.~G. and {Bigiel}, Frank and {Kennicutt}, Robert C., Jr. and {Thornley}, Michele D. and {Leroy}, Adam},
        title = "{THINGS: The H I Nearby Galaxy Survey}",
      journal = {\aj},
     keywords = {galaxies: ISM, galaxies: structure, ISM: atoms, ISM: general, radio lines: galaxies, surveys, Astrophysics},
         year = 2008,
        month = dec,
       volume = {136},
       number = {6},
        pages = {2563-2647},
          doi = {10.1088/0004-6256/136/6/2563},
archivePrefix = {arXiv},
       eprint = {0810.2125},
 primaryClass = {astro-ph},
       adsurl = {https://ui.adsabs.harvard.edu/abs/2008AJ....136.2563W},
      adsnote = {Provided by the SAO/NASA Astrophysics Data System}
}

@ARTICLE{Murugeshan2019,
       author = {{Murugeshan}, Chandrashekar and {Kilborn}, Virginia and {Obreschkow}, Danail and {Glazebrook}, Karl and {Lutz}, Katharina and {D{\v{z}}ud{\v{z}}ar}, Robert and {D{\'e}nes}, Helga},
        title = "{Angular momentum regulates H I gas content and H I central hole size in the discs of spirals}",
      journal = {\mnras},
     keywords = {galaxies: evolution, galaxies: fundamental parameters, galaxies: ISM, galaxies: kinematics and dynamics, Astrophysics - Astrophysics of Galaxies},
         year = 2019,
        month = feb,
       volume = {483},
       number = {2},
        pages = {2398-2412},
          doi = {10.1093/mnras/sty3265},
archivePrefix = {arXiv},
       eprint = {1811.11386},
 primaryClass = {astro-ph.GA},
       adsurl = {https://ui.adsabs.harvard.edu/abs/2019MNRAS.483.2398M},
      adsnote = {Provided by the SAO/NASA Astrophysics Data System}
}

@ARTICLE{Leroy2013a,
       author = {{Leroy}, Adam K. and {Lee}, Cheoljong and {Schruba}, Andreas and {Bolatto}, Alberto and {Hughes}, Annie and {Pety}, J{\'e}r{\^o}me and {Sandstrom}, Karin and {Schinnerer}, Eva and {Walter}, Fabian},
        title = "{Clumping and the Interpretation of kpc-scale Maps of the Interstellar Medium: Smooth H I and Clumpy, Variable H$_{2}$ Surface Density}",
      journal = {\apjl},
     keywords = {galaxies: ISM, ISM: structure, stars: formation, Astrophysics - Cosmology and Nongalactic Astrophysics, Astrophysics - Astrophysics of Galaxies},
         year = 2013,
        month = may,
       volume = {769},
       number = {1},
          eid = {L12},
        pages = {L12},
          doi = {10.1088/2041-8205/769/1/L12},
archivePrefix = {arXiv},
       eprint = {1304.1586},
 primaryClass = {astro-ph.CO},
       adsurl = {https://ui.adsabs.harvard.edu/abs/2013ApJ...769L..12L},
      adsnote = {Provided by the SAO/NASA Astrophysics Data System}
}

@ARTICLE{Chung2009,
       author = {{Chung}, Aeree and {van Gorkom}, J.~H. and {Kenney}, Jeffrey D.~P. and {Crowl}, Hugh and {Vollmer}, Bernd},
        title = "{VLA Imaging of Virgo Spirals in Atomic Gas (VIVA). I. The Atlas and the H I Properties}",
      journal = {\aj},
     keywords = {galaxies: clusters: general, galaxies: evolution, galaxies: interactions, galaxies: kinematics and dynamics},
         year = 2009,
        month = dec,
       volume = {138},
       number = {6},
        pages = {1741-1816},
          doi = {10.1088/0004-6256/138/6/1741},
       adsurl = {https://ui.adsabs.harvard.edu/abs/2009AJ....138.1741C},
      adsnote = {Provided by the SAO/NASA Astrophysics Data System}
}

@ARTICLE{Spitzer1942,
       author = {{Spitzer}, Lyman, Jr.},
        title = "{The Dynamics of the Interstellar Medium. III. Galactic Distribution.}",
      journal = {\apj},
         year = 1942,
        month = may,
       volume = {95},
        pages = {329},
          doi = {10.1086/144407},
       adsurl = {https://ui.adsabs.harvard.edu/abs/1942ApJ....95..329S},
      adsnote = {Provided by the SAO/NASA Astrophysics Data System}
}

@ARTICLE{Leroy2008,
       author = {{Leroy}, Adam K. and {Walter}, Fabian and {Brinks}, Elias and {Bigiel}, Frank and {de Blok}, W.~J.~G. and {Madore}, Barry and {Thornley}, M.~D.},
        title = "{The Star Formation Efficiency in Nearby Galaxies: Measuring Where Gas Forms Stars Effectively}",
      journal = {\aj},
     keywords = {galaxies: evolution, galaxies: ISM, radio lines: galaxies, stars: formation, Astrophysics},
         year = 2008,
        month = dec,
       volume = {136},
       number = {6},
        pages = {2782-2845},
          doi = {10.1088/0004-6256/136/6/2782},
archivePrefix = {arXiv},
       eprint = {0810.2556},
 primaryClass = {astro-ph},
       adsurl = {https://ui.adsabs.harvard.edu/abs/2008AJ....136.2782L},
      adsnote = {Provided by the SAO/NASA Astrophysics Data System}
}

@ARTICLE{Ostriker2010,
       author = {{Ostriker}, Eve C. and {McKee}, Christopher F. and {Leroy}, Adam K.},
        title = "{Regulation of Star Formation Rates in Multiphase Galactic Disks: A Thermal/Dynamical Equilibrium Model}",
      journal = {\apj},
     keywords = {galaxies: ISM, galaxies: spiral, ISM: kinematics and dynamics, galaxies: star formation, turbulence, Astrophysics - Cosmology and Nongalactic Astrophysics, Astrophysics - Astrophysics of Galaxies},
         year = 2010,
        month = oct,
       volume = {721},
       number = {2},
        pages = {975-994},
          doi = {10.1088/0004-637X/721/2/975},
archivePrefix = {arXiv},
       eprint = {1008.0410},
 primaryClass = {astro-ph.CO},
       adsurl = {https://ui.adsabs.harvard.edu/abs/2010ApJ...721..975O},
      adsnote = {Provided by the SAO/NASA Astrophysics Data System}
}

@ARTICLE{Blitz2006,
       author = {{Blitz}, Leo and {Rosolowsky}, Erik},
        title = "{The Role of Pressure in GMC Formation II: The H$_{2}$-Pressure Relation}",
      journal = {\apj},
     keywords = {Galaxies: ISM, ISM: Clouds, ISM: Evolution, ISM: Molecules, Astrophysics},
         year = 2006,
        month = oct,
       volume = {650},
       number = {2},
        pages = {933-944},
          doi = {10.1086/505417},
archivePrefix = {arXiv},
       eprint = {astro-ph/0605035},
 primaryClass = {astro-ph},
       adsurl = {https://ui.adsabs.harvard.edu/abs/2006ApJ...650..933B},
      adsnote = {Provided by the SAO/NASA Astrophysics Data System}
}

@ARTICLE{Salo2015,
       author = {{Salo}, Heikki and {Laurikainen}, Eija and {Laine}, Jarkko and {Comer{\'o}n}, Sebastien and {Gadotti}, Dimitri A. and {Buta}, Ron and {Sheth}, Kartik and {Zaritsky}, Dennis and {Ho}, Luis and {Knapen}, Johan and {Athanassoula}, E. and {Bosma}, Albert and {Laine}, Seppo and {Cisternas}, Mauricio and {Kim}, Taehyun and {Mu{\~n}oz-Mateos}, Juan Carlos and {Regan}, Michael and {Hinz}, Joannah L. and {Gil de Paz}, Armando and {Menendez-Delmestre}, Karin and {Mizusawa}, Trisha and {Erroz-Ferrer}, Santiago and {Meidt}, Sharon E. and {Querejeta}, Miguel},
        title = "{The Spitzer Survey of Stellar Structure in Galaxies (S$^{4}$G): Multi-component Decomposition Strategies and Data Release}",
      journal = {\apjs},
     keywords = {galaxies: fundamental parameters, galaxies: kinematics and dynamics, galaxies: spiral, galaxies: structure, Astrophysics - Astrophysics of Galaxies},
         year = 2015,
        month = jul,
       volume = {219},
       number = {1},
          eid = {4},
        pages = {4},
          doi = {10.1088/0067-0049/219/1/4},
archivePrefix = {arXiv},
       eprint = {1503.06550},
 primaryClass = {astro-ph.GA},
       adsurl = {https://ui.adsabs.harvard.edu/abs/2015ApJS..219....4S},
      adsnote = {Provided by the SAO/NASA Astrophysics Data System}
}

@ARTICLE{vanderKruit1988,
       author = {{van der Kruit}, P.~C.},
        title = "{The three-dimensional distribution of light and mass in disks of spiral galaxies.}",
      journal = {\aap},
     keywords = {Gas Dynamics, Mass To Light Ratios, Spiral Galaxies, Star Distribution, Astronomical Models, Density Distribution, Mass Distribution, Radial Velocity, Velocity Distribution, Vertical Distribution, Astrophysics},
         year = 1988,
        month = mar,
       volume = {192},
        pages = {117-127},
       adsurl = {https://ui.adsabs.harvard.edu/abs/1988A&A...192..117V},
      adsnote = {Provided by the SAO/NASA Astrophysics Data System}
}

@ARTICLE{Kregel2002,
       author = {{Kregel}, Michiel and {van der Kruit}, Pieter C. and {de Grijs}, Richard},
        title = "{Flattening and truncation of stellar discs in edge-on spiral galaxies}",
      journal = {\mnras},
     keywords = {galaxies: fundamental parameters, galaxies: photometry, galaxies: spiral, galaxies: stellar content, galaxies: structure, Astrophysics},
         year = 2002,
        month = aug,
       volume = {334},
       number = {3},
        pages = {646-668},
          doi = {10.1046/j.1365-8711.2002.05556.x},
archivePrefix = {arXiv},
       eprint = {astro-ph/0204154},
 primaryClass = {astro-ph},
       adsurl = {https://ui.adsabs.harvard.edu/abs/2002MNRAS.334..646K},
      adsnote = {Provided by the SAO/NASA Astrophysics Data System}
}

@ARTICLE{Schoier2005,
       author = {{Sch{\"o}ier}, F.~L. and {van der Tak}, F.~F.~S. and {van Dishoeck}, E.~F. and {Black}, J.~H.},
        title = "{An atomic and molecular database for analysis of submillimetre line observations}",
      journal = {\aap},
     keywords = {astronomical data bases: miscellaneous, atomic data, molecular data, radiative transfer, ISM: atoms, ISM: molecules, Astrophysics},
         year = 2005,
        month = mar,
       volume = {432},
       number = {1},
        pages = {369-379},
          doi = {10.1051/0004-6361:20041729},
archivePrefix = {arXiv},
       eprint = {astro-ph/0411110},
 primaryClass = {astro-ph},
       adsurl = {https://ui.adsabs.harvard.edu/abs/2005A&A...432..369S},
      adsnote = {Provided by the SAO/NASA Astrophysics Data System}
}

@ARTICLE{Lang2020,
       author = {{Lang}, Philipp and {Meidt}, Sharon E. and {Rosolowsky}, Erik and {Nofech}, Joseph and {Schinnerer}, Eva and {Leroy}, Adam K. and {Emsellem}, Eric and {Pessa}, Ismael and {Glover}, Simon C.~O. and {Groves}, Brent and {Hughes}, Annie and {Kruijssen}, J.~M. Diederik and {Querejeta}, Miguel and {Schruba}, Andreas and {Bigiel}, Frank and {Blanc}, Guillermo A. and {Chevance}, M{\'e}lanie and {Colombo}, Dario and {Faesi}, Christopher and {Henshaw}, Jonathan D. and {Herrera}, Cinthya N. and {Liu}, Daizhong and {Pety}, J{\'e}r{\^o}me and {Puschnig}, Johannes and {Saito}, Toshiki and {Sun}, Jiayi and {Usero}, Antonio},
        title = "{PHANGS CO Kinematics: Disk Orientations and Rotation Curves at 150 pc Resolution}",
      journal = {\apj},
     keywords = {1072, 591, 847, Astrophysics - Astrophysics of Galaxies},
         year = 2020,
        month = jul,
       volume = {897},
       number = {2},
          eid = {122},
        pages = {122},
          doi = {10.3847/1538-4357/ab9953},
archivePrefix = {arXiv},
       eprint = {2005.11709},
 primaryClass = {astro-ph.GA},
       adsurl = {https://ui.adsabs.harvard.edu/abs/2020ApJ...897..122L},
      adsnote = {Provided by the SAO/NASA Astrophysics Data System}
}

@ARTICLE{Anand2021,
       author = {{Anand}, Gagandeep S. and {Lee}, Janice C. and {Van Dyk}, Schuyler D. and {Leroy}, Adam K. and {Rosolowsky}, Erik and {Schinnerer}, Eva and {Larson}, Kirsten and {Kourkchi}, Ehsan and {Kreckel}, Kathryn and {Scheuermann}, Fabian and {Rizzi}, Luca and {Thilker}, David and {Tully}, R. Brent and {Bigiel}, Frank and {Blanc}, Guillermo A. and {Boquien}, M{\'e}d{\'e}ric and {Chandar}, Rupali and {Dale}, Daniel and {Emsellem}, Eric and {Deger}, Sinan and {Glover}, Simon C.~O. and {Grasha}, Kathryn and {Groves}, Brent and {Klessen}, Ralf S. and {Kruijssen}, J.~M. Diederik and {Querejeta}, Miguel and {S{\'a}nchez-Bl{\'a}zquez}, Patricia and {Schruba}, Andreas and {Turner}, Jordan and {Ubeda}, Leonardo and {Williams}, Thomas G. and {Whitmore}, Brad},
        title = "{Distances to PHANGS galaxies: New tip of the red giant branch measurements and adopted distances}",
      journal = {\mnras},
     keywords = {galaxies: fundamental parameters, galaxies: stellar content, distance scale, Astrophysics - Astrophysics of Galaxies, Astrophysics - Cosmology and Nongalactic Astrophysics},
         year = 2021,
        month = mar,
       volume = {501},
       number = {3},
        pages = {3621-3639},
          doi = {10.1093/mnras/staa3668},
archivePrefix = {arXiv},
       eprint = {2012.00757},
 primaryClass = {astro-ph.GA},
       adsurl = {https://ui.adsabs.harvard.edu/abs/2021MNRAS.501.3621A},
      adsnote = {Provided by the SAO/NASA Astrophysics Data System}
}

@ARTICLE{Rosolowsky2021,
       author = {{Rosolowsky}, Erik and {Hughes}, Annie and {Leroy}, Adam K. and {Sun}, Jiayi and {Querejeta}, Miguel and {Schruba}, Andreas and {Usero}, Antonio and {Herrera}, Cinthya N. and {Liu}, Daizhong and {Pety}, J{\'e}r{\^o}me and {Saito}, Toshiki and {Be{\v{s}}li{\'c}}, Ivana and {Bigiel}, Frank and {Blanc}, Guillermo and {Chevance}, M{\'e}lanie and {Dale}, Daniel A. and {Deger}, Sinan and {Faesi}, Christopher M. and {Glover}, Simon C.~O. and {Henshaw}, Jonathan D. and {Klessen}, Ralf S. and {Kruijssen}, J.~M. Diederik and {Larson}, Kirsten and {Lee}, Janice and {Meidt}, Sharon and {Mok}, Angus and {Schinnerer}, Eva and {Thilker}, David A. and {Williams}, Thomas G.},
        title = "{Giant molecular cloud catalogues for PHANGS-ALMA: methods and initial results}",
      journal = {\mnras},
     keywords = {stars: formation, ISM: clouds, galaxies: individual (NGC 0628, NGC 1637, NGC 2903, NGC 3521, NGC 3621, NGC 3627, NGC 4826, NGC 5068, NGC 5643, NGC 6300), Astrophysics - Astrophysics of Galaxies},
         year = 2021,
        month = mar,
       volume = {502},
       number = {1},
        pages = {1218-1245},
          doi = {10.1093/mnras/stab085},
archivePrefix = {arXiv},
       eprint = {2101.04697},
 primaryClass = {astro-ph.GA},
       adsurl = {https://ui.adsabs.harvard.edu/abs/2021MNRAS.502.1218R},
      adsnote = {Provided by the SAO/NASA Astrophysics Data System}
}

@ARTICLE{Krumholz2005,
       author = {{Krumholz}, Mark R. and {McKee}, Christopher F.},
        title = "{A General Theory of Turbulence-regulated Star Formation, from Spirals to Ultraluminous Infrared Galaxies}",
      journal = {\apj},
     keywords = {Galaxies: ISM, Hydrodynamics, ISM: Clouds, ISM: Kinematics and Dynamics, Stars: Formation, Turbulence, Astrophysics},
         year = 2005,
        month = sep,
       volume = {630},
       number = {1},
        pages = {250-268},
          doi = {10.1086/431734},
archivePrefix = {arXiv},
       eprint = {astro-ph/0505177},
 primaryClass = {astro-ph},
       adsurl = {https://ui.adsabs.harvard.edu/abs/2005ApJ...630..250K},
      adsnote = {Provided by the SAO/NASA Astrophysics Data System}
}

@ARTICLE{Shirley2015,
       author = {{Shirley}, Yancy L.},
        title = "{The Critical Density and the Effective Excitation Density of Commonly Observed Molecular Dense Gas Tracers}",
      journal = {\pasp},
     keywords = {Astrophysics - Instrumentation and Methods for Astrophysics, Astrophysics - Astrophysics of Galaxies},
         year = 2015,
        month = mar,
       volume = {127},
       number = {949},
        pages = {299},
          doi = {10.1086/680342},
archivePrefix = {arXiv},
       eprint = {1501.01629},
 primaryClass = {astro-ph.IM},
       adsurl = {https://ui.adsabs.harvard.edu/abs/2015PASP..127..299S},
      adsnote = {Provided by the SAO/NASA Astrophysics Data System}
}

@ARTICLE{Mangum2015,
       author = {{Mangum}, Jeffrey G. and {Shirley}, Yancy L.},
        title = "{How to Calculate Molecular Column Density}",
      journal = {\pasp},
     keywords = {Astrophysics - Instrumentation and Methods for Astrophysics},
         year = 2015,
        month = mar,
       volume = {127},
       number = {949},
        pages = {266},
          doi = {10.1086/680323},
archivePrefix = {arXiv},
       eprint = {1501.01703},
 primaryClass = {astro-ph.IM},
       adsurl = {https://ui.adsabs.harvard.edu/abs/2015PASP..127..266M},
      adsnote = {Provided by the SAO/NASA Astrophysics Data System}
}

@ARTICLE{Leroy2017b,
       author = {{Leroy}, Adam K. and {Schinnerer}, Eva and {Hughes}, Annie and {Kruijssen}, J.~M. Diederik and {Meidt}, Sharon and {Schruba}, Andreas and {Sun}, Jiayi and {Bigiel}, Frank and {Aniano}, Gonzalo and {Blanc}, Guillermo A. and {Bolatto}, Alberto and {Chevance}, M{\'e}lanie and {Colombo}, Dario and {Gallagher}, Molly and {Garcia-Burillo}, Santiago and {Kramer}, Carsten and {Querejeta}, Miguel and {Pety}, Jerome and {Thompson}, Todd A. and {Usero}, Antonio},
        title = "{Cloud-scale ISM Structure and Star Formation in M51}",
      journal = {\apj},
     keywords = {galaxies: individual: M51, galaxies: ISM, galaxies: spiral, galaxies: star formation, ISM: general, ISM: structure, Astrophysics - Astrophysics of Galaxies},
         year = 2017,
        month = sep,
       volume = {846},
       number = {1},
          eid = {71},
        pages = {71},
          doi = {10.3847/1538-4357/aa7fef},
archivePrefix = {arXiv},
       eprint = {1706.08540},
 primaryClass = {astro-ph.GA},
       adsurl = {https://ui.adsabs.harvard.edu/abs/2017ApJ...846...71L},
      adsnote = {Provided by the SAO/NASA Astrophysics Data System}
}

@ARTICLE{Utomo2018,
       author = {{Utomo}, Dyas and {Sun}, Jiayi and {Leroy}, Adam K. and {Kruijssen}, J.~M. Diederik and {Schinnerer}, Eva and {Schruba}, Andreas and {Bigiel}, Frank and {Blanc}, Guillermo A. and {Chevance}, M{\'e}lanie and {Emsellem}, Eric and {Herrera}, Cinthya and {Hygate}, Alexander P.~S. and {Kreckel}, Kathryn and {Ostriker}, Eve C. and {Pety}, Jerome and {Querejeta}, Miguel and {Rosolowsky}, Erik and {Sandstrom}, Karin M. and {Usero}, Antonio},
        title = "{Star Formation Efficiency per Free-fall Time in nearby Galaxies}",
      journal = {\apjl},
     keywords = {galaxies: ISM, galaxies: spiral, galaxies: star formation, ISM: molecules, Astrophysics - Astrophysics of Galaxies},
         year = 2018,
        month = jul,
       volume = {861},
       number = {2},
          eid = {L18},
        pages = {L18},
          doi = {10.3847/2041-8213/aacf8f},
archivePrefix = {arXiv},
       eprint = {1806.11121},
 primaryClass = {astro-ph.GA},
       adsurl = {https://ui.adsabs.harvard.edu/abs/2018ApJ...861L..18U},
      adsnote = {Provided by the SAO/NASA Astrophysics Data System}
}

@ARTICLE{Padoan2011,
       author = {{Padoan}, Paolo and {Nordlund}, {\r{A}}ke},
        title = "{The Star Formation Rate of Supersonic Magnetohydrodynamic Turbulence}",
      journal = {\apj},
     keywords = {ISM: kinematics and dynamics, magnetohydrodynamics: MHD, stars: formation, turbulence, Astrophysics - Galaxy Astrophysics, Astrophysics - Cosmology and Extragalactic Astrophysics, Nonlinear Sciences - Chaotic Dynamics, Physics - Fluid Dynamics},
         year = 2011,
        month = mar,
       volume = {730},
       number = {1},
          eid = {40},
        pages = {40},
          doi = {10.1088/0004-637X/730/1/40},
archivePrefix = {arXiv},
       eprint = {0907.0248},
 primaryClass = {astro-ph.GA},
       adsurl = {https://ui.adsabs.harvard.edu/abs/2011ApJ...730...40P},
      adsnote = {Provided by the SAO/NASA Astrophysics Data System}
}

@ARTICLE{Hennebelle2011,
       author = {{Hennebelle}, Patrick and {Chabrier}, Gilles},
        title = "{Analytical Star Formation Rate from Gravoturbulent Fragmentation}",
      journal = {\apjl},
     keywords = {ISM: clouds, turbulence, stars: formation, Astrophysics - Astrophysics of Galaxies},
         year = 2011,
        month = dec,
       volume = {743},
       number = {2},
          eid = {L29},
        pages = {L29},
          doi = {10.1088/2041-8205/743/2/L29},
archivePrefix = {arXiv},
       eprint = {1110.0033},
 primaryClass = {astro-ph.GA},
       adsurl = {https://ui.adsabs.harvard.edu/abs/2011ApJ...743L..29H},
      adsnote = {Provided by the SAO/NASA Astrophysics Data System}
}

@ARTICLE{Leroy2021_line_ratios,
       author = {{Leroy}, Adam K. and {Rosolowsky}, Erik and {Usero}, Antonio and {Sandstrom}, Karin and {Schinnerer}, Eva and {Schruba}, Andreas and {Bolatto}, Alberto D. and {Sun}, Jiayi and {Barnes}, Ashley. T. and {Belfiore}, Francesco and {Bigiel}, Frank and {den Brok}, Jakob S. and {Cao}, Yixian and {Chiang}, I-Da and {Chevance}, M{\'e}lanie and {Dale}, Daniel A. and {Eibensteiner}, Cosima and {Faesi}, Christopher M. and {Glover}, Simon C.~O. and {Hughes}, Annie and {Jim{\'e}nez Donaire}, Maria J. and {Klessen}, Ralf S. and {Koch}, Eric W. and {Kruijssen}, J.~M. Diederik and {Liu}, Daizhong and {Meidt}, Sharon E. and {Pan}, Hsi-An and {Pety}, J{\'e}r{\^o}me and {Puschnig}, Johannes and {Querejeta}, Miguel and {Saito}, Toshiki and {Sardone}, Amy and {Watkins}, Elizabeth J. and {Weiss}, Axel and {Williams}, Thomas G.},
        title = "{Low-J CO Line Ratios From Single Dish CO Mapping Surveys and PHANGS-ALMA}",
      journal = {arXiv e-prints},
     keywords = {Astrophysics - Astrophysics of Galaxies},
         year = 2021,
        month = sep,
          eid = {arXiv:2109.11583},
        pages = {arXiv:2109.11583},
archivePrefix = {arXiv},
       eprint = {2109.11583},
 primaryClass = {astro-ph.GA},
       adsurl = {https://ui.adsabs.harvard.edu/abs/2021arXiv210911583L},
      adsnote = {Provided by the SAO/NASA Astrophysics Data System}
}

@ARTICLE{Molina_2012,
       author = {{Molina}, F.~Z. and {Glover}, S.~C.~O. and {Federrath}, C. and {Klessen}, R.~S.},
        title = "{The density variance-Mach number relation in supersonic turbulence - I. Isothermal, magnetized gas}",
      journal = {\mnras},
     keywords = {MHD, shock waves, turbulence, stars: formation, ISM: clouds, ISM: magnetic fields},
         year = 2012,
        month = jul,
       volume = {423},
       number = {3},
        pages = {2680-2689},
          doi = {10.1111/j.1365-2966.2012.21075.x},
       adsurl = {https://ui.adsabs.harvard.edu/abs/2012MNRAS.423.2680M},
      adsnote = {Provided by the SAO/NASA Astrophysics Data System}
}

@ARTICLE{Kauffmann2008,
       author = {{Kauffmann}, J. and {Bertoldi}, F. and {Bourke}, T.~L. and {Evans}, N.~J., II and {Lee}, C.~W.},
        title = "{MAMBO mapping of Spitzer c2d small clouds and cores}",
      journal = {\aap},
     keywords = {stars: formation, ISM: evolution, ISM: structure, ISM: dust, extinction, ISM: clouds, Astrophysics},
         year = 2008,
        month = sep,
       volume = {487},
       number = {3},
        pages = {993-1017},
          doi = {10.1051/0004-6361:200809481},
archivePrefix = {arXiv},
       eprint = {0805.4205},
 primaryClass = {astro-ph},
       adsurl = {https://ui.adsabs.harvard.edu/abs/2008A&A...487..993K},
      adsnote = {Provided by the SAO/NASA Astrophysics Data System}
}



@ARTICLE{Bigiel2022,
       author = {{Bigiel}, Frank},
         year = 2022,
      journal = {in preparation},
}


@ARTICLE{federrath2008,
       author = {{Federrath}, Christoph and {Klessen}, Ralf S. and {Schmidt}, Wolfram},
        title = "{The Density Probability Distribution in Compressible Isothermal Turbulence: Solenoidal versus Compressive Forcing}",
      journal = {\apjl},
     keywords = {hydrodynamics, ISM: clouds, ISM: kinematics and dynamics, ISM: structure, methods: numerical, turbulence, Astrophysics},
         year = 2008,
        month = dec,
       volume = {688},
       number = {2},
        pages = {L79},
          doi = {10.1086/595280},
archivePrefix = {arXiv},
       eprint = {0808.0605},
 primaryClass = {astro-ph},
       adsurl = {https://ui.adsabs.harvard.edu/abs/2008ApJ...688L..79F},
      adsnote = {Provided by the SAO/NASA Astrophysics Data System}
}

@ARTICLE{girichidis2014,
       author = {{Girichidis}, Philipp and {Konstandin}, Lukas and {Whitworth}, Anthony P. and {Klessen}, Ralf S.},
        title = "{On the Evolution of the Density Probability Density Function in Strongly Self-gravitating Systems}",
      journal = {\apj},
     keywords = {galaxies: star formation, gravitation, ISM: clouds, Astrophysics - Astrophysics of Galaxies, Astrophysics - Solar and Stellar Astrophysics},
         year = 2014,
        month = feb,
       volume = {781},
       number = {2},
          eid = {91},
        pages = {91},
          doi = {10.1088/0004-637X/781/2/91},
archivePrefix = {arXiv},
       eprint = {1310.4346},
 primaryClass = {astro-ph.GA},
       adsurl = {https://ui.adsabs.harvard.edu/abs/2014ApJ...781...91G},
      adsnote = {Provided by the SAO/NASA Astrophysics Data System}
}

@ARTICLE{schneider2015,
       author = {{Schneider}, N. and {Csengeri}, T. and {Klessen}, R.~S. and {Tremblin}, P. and {Ossenkopf}, V. and {Peretto}, N. and {Simon}, R. and {Bontemps}, S. and {Federrath}, C.},
        title = "{Understanding star formation in molecular clouds. II. Signatures of gravitational collapse of IRDCs}",
      journal = {\aap},
     keywords = {ISM: clouds, dust, extinction, Astrophysics - Astrophysics of Galaxies},
         year = 2015,
        month = jun,
       volume = {578},
          eid = {A29},
        pages = {A29},
          doi = {10.1051/0004-6361/201424375},
archivePrefix = {arXiv},
       eprint = {1406.3134},
 primaryClass = {astro-ph.GA},
       adsurl = {https://ui.adsabs.harvard.edu/abs/2015A&A...578A..29S},
      adsnote = {Provided by the SAO/NASA Astrophysics Data System}
}

@ARTICLE{klessen2016,
       author = {{Klessen}, Ralf S. and {Glover}, Simon C.~O.},
        title = "{Physical Processes in the Interstellar Medium}",
      journal = {Saas-Fee Advanced Course},
     keywords = {Physics, Astrophysics - Astrophysics of Galaxies},
         year = 2016,
        month = jan,
       volume = {43},
        pages = {85},
          doi = {10.1007/978-3-662-47890-5\_2},
archivePrefix = {arXiv},
       eprint = {1412.5182},
 primaryClass = {astro-ph.GA},
       adsurl = {https://ui.adsabs.harvard.edu/abs/2016SAAS...43...85K},
      adsnote = {Provided by the SAO/NASA Astrophysics Data System}
}

@ARTICLE{federrath2010,
       author = {{Federrath}, C. and {Roman-Duval}, J. and {Klessen}, R.~S. and {Schmidt}, W. and {Mac Low}, M. -M.},
        title = "{Comparing the statistics of interstellar turbulence in simulations and observations. Solenoidal versus compressive turbulence forcing}",
      journal = {\aap},
     keywords = {hydrodynamics, ISM: clouds, ISM: kinematics and dynamics, methods: numerical, methods: statistical, turbulence, Astrophysics - Solar and Stellar Astrophysics, Astrophysics - Instrumentation and Methods for Astrophysics},
         year = 2010,
        month = mar,
       volume = {512},
          eid = {A81},
        pages = {A81},
          doi = {10.1051/0004-6361/200912437},
archivePrefix = {arXiv},
       eprint = {0905.1060},
 primaryClass = {astro-ph.SR},
       adsurl = {https://ui.adsabs.harvard.edu/abs/2010A&A...512A..81F},
      adsnote = {Provided by the SAO/NASA Astrophysics Data System}
}

@ARTICLE{Schmidt1959,
       author = {{Schmidt}, Maarten},
        title = "{The Rate of Star Formation.}",
      journal = {\apj},
         year = 1959,
        month = mar,
       volume = {129},
        pages = {243},
          doi = {10.1086/146614},
       adsurl = {https://ui.adsabs.harvard.edu/abs/1959ApJ...129..243S},
      adsnote = {Provided by the SAO/NASA Astrophysics Data System}
}

@ARTICLE{Sandstrom2013,
       author = {{Sandstrom}, K.~M. and {Leroy}, A.~K. and {Walter}, F. and {Bolatto}, A.~D. and {Croxall}, K.~V. and {Draine}, B.~T. and {Wilson}, C.~D. and {Wolfire}, M. and {Calzetti}, D. and {Kennicutt}, R.~C. and {Aniano}, G. and {Donovan Meyer}, J. and {Usero}, A. and {Bigiel}, F. and {Brinks}, E. and {de Blok}, W.~J.~G. and {Crocker}, A. and {Dale}, D. and {Engelbracht}, C.~W. and {Galametz}, M. and {Groves}, B. and {Hunt}, L.~K. and {Koda}, J. and {Kreckel}, K. and {Linz}, H. and {Meidt}, S. and {Pellegrini}, E. and {Rix}, H. -W. and {Roussel}, H. and {Schinnerer}, E. and {Schruba}, A. and {Schuster}, K. -F. and {Skibba}, R. and {van der Laan}, T. and {Appleton}, P. and {Armus}, L. and {Brandl}, B. and {Gordon}, K. and {Hinz}, J. and {Krause}, O. and {Montiel}, E. and {Sauvage}, M. and {Schmiedeke}, A. and {Smith}, J.~D.~T. and {Vigroux}, L.},
        title = "{The CO-to-H$_{2}$ Conversion Factor and Dust-to-gas Ratio on Kiloparsec Scales in Nearby Galaxies}",
      journal = {\apj},
     keywords = {dust, extinction, galaxies: ISM, infrared: ISM, ISM: molecules, Astrophysics - Cosmology and Nongalactic Astrophysics, Astrophysics - Astrophysics of Galaxies},
         year = 2013,
        month = nov,
       volume = {777},
       number = {1},
          eid = {5},
        pages = {5},
          doi = {10.1088/0004-637X/777/1/5},
archivePrefix = {arXiv},
       eprint = {1212.1208},
 primaryClass = {astro-ph.CO},
       adsurl = {https://ui.adsabs.harvard.edu/abs/2013ApJ...777....5S},
      adsnote = {Provided by the SAO/NASA Astrophysics Data System}
}

@ARTICLE{McKee1992,
       author = {{McKee}, Christopher F. and {Zweibel}, Ellen G.},
        title = "{On the Virial Theorem for Turbulent Molecular Clouds}",
      journal = {\apj},
     keywords = {Interstellar Matter, Magnetohydrodynamic Turbulence, Molecular Clouds, Virial Theorem, Computational Astrophysics, Interstellar Magnetic Fields, Astrophysics, HYDRODYNAMICS, ISM: CLOUDS, ISM: MOLECULES, TURBULENCE},
         year = 1992,
        month = nov,
       volume = {399},
        pages = {551},
          doi = {10.1086/171946},
       adsurl = {https://ui.adsabs.harvard.edu/abs/1992ApJ...399..551M},
      adsnote = {Provided by the SAO/NASA Astrophysics Data System}
}

@ARTICLE{Ballesteros-Paredes2006,
       author = {{Ballesteros-Paredes}, Javier},
        title = "{Six myths on the virial theorem for interstellar clouds}",
      journal = {\mnras},
     keywords = {turbulence: stars: formation: ISM: clouds: ISM: general: ISM: kinematics and dynamics, turbulence, stars: formation, ISM: clouds, ISM: general, ISM: kinematics and dynamics, Astrophysics},
         year = 2006,
        month = oct,
       volume = {372},
       number = {1},
        pages = {443-449},
          doi = {10.1111/j.1365-2966.2006.10880.x},
archivePrefix = {arXiv},
       eprint = {astro-ph/0606071},
 primaryClass = {astro-ph},
       adsurl = {https://ui.adsabs.harvard.edu/abs/2006MNRAS.372..443B},
      adsnote = {Provided by the SAO/NASA Astrophysics Data System}
}

@ARTICLE{Kruijssen2014b,
       author = {{Kruijssen}, J.~M. Diederik and {Longmore}, Steven N. and {Elmegreen}, Bruce G. and {Murray}, Norman and {Bally}, John and {Testi}, Leonardo and {Kennicutt}, Robert C.},
        title = "{What controls star formation in the central 500 pc of the Galaxy?}",
      journal = {\mnras},
     keywords = {stars: formation, Galaxy: centre, galaxies: evolution, galaxies: ISM, galaxies: starburst, galaxies: star formation, Astrophysics - Astrophysics of Galaxies, Astrophysics - Cosmology and Nongalactic Astrophysics},
         year = 2014,
        month = jun,
       volume = {440},
       number = {4},
        pages = {3370-3391},
          doi = {10.1093/mnras/stu494},
archivePrefix = {arXiv},
       eprint = {1303.6286},
 primaryClass = {astro-ph.GA},
       adsurl = {https://ui.adsabs.harvard.edu/abs/2014MNRAS.440.3370K},
      adsnote = {Provided by the SAO/NASA Astrophysics Data System}
}

@ARTICLE{Burkhart2018,
       author = {{Burkhart}, Blakesley},
        title = "{The Star Formation Rate in the Gravoturbulent Interstellar Medium}",
      journal = {\apj},
     keywords = {galaxies: star formation, magnetohydrodynamics: MHD, Astrophysics - Astrophysics of Galaxies},
         year = 2018,
        month = aug,
       volume = {863},
       number = {2},
          eid = {118},
        pages = {118},
          doi = {10.3847/1538-4357/aad002},
archivePrefix = {arXiv},
       eprint = {1801.05428},
 primaryClass = {astro-ph.GA},
       adsurl = {https://ui.adsabs.harvard.edu/abs/2018ApJ...863..118B},
      adsnote = {Provided by the SAO/NASA Astrophysics Data System}
}

@BOOK{Tielens2010,
       author = {{Tielens}, A.~G.~G.~M.},
        title = "{The Physics and Chemistry of the Interstellar Medium}",
      journal = {Cambridge University Press},
         year = 2010,
       adsurl = {https://ui.adsabs.harvard.edu/abs/2010pcim.book.....T},
      adsnote = {Provided by the SAO/NASA Astrophysics Data System}
}

@BOOK{Draine2011,
       author = {{Draine}, Bruce T.},
        title = "{Physics of the Interstellar and Intergalactic Medium}",
      journal = {Princeton University Press},
         year = 2011,
       adsurl = {https://ui.adsabs.harvard.edu/abs/2011piim.book.....D},
      adsnote = {Provided by the SAO/NASA Astrophysics Data System}
}

@ARTICLE{Kauffmann2017,
       author = {{Kauffmann}, Jens and {Goldsmith}, Paul F. and {Melnick}, Gary and {Tolls}, Volker and {Guzman}, Andres and {Menten}, Karl M.},
        title = "{Molecular Line Emission as a Tool for Galaxy Observations (LEGO). I. HCN as a tracer of moderate gas densities in molecular clouds and galaxies}",
      journal = {\aap},
     keywords = {stars: formation, ISM: clouds, ISM: molecules, galaxies: evolution, galaxies: ISM, galaxies: star formation, Astrophysics - Astrophysics of Galaxies},
         year = 2017,
        month = sep,
       volume = {605},
          eid = {L5},
        pages = {L5},
          doi = {10.1051/0004-6361/201731123},
archivePrefix = {arXiv},
       eprint = {1707.05352},
 primaryClass = {astro-ph.GA},
       adsurl = {https://ui.adsabs.harvard.edu/abs/2017A&A...605L...5K},
      adsnote = {Provided by the SAO/NASA Astrophysics Data System}
}

@ARTICLE{Pety2017,
       author = {{Pety}, J{\'e}r{\^o}me and {Guzm{\'a}n}, Viviana V. and {Orkisz}, Jan H. and {Liszt}, Harvey S. and {Gerin}, Maryvonne and {Bron}, Emeric and {Bardeau}, S{\'e}bastien and {Goicoechea}, Javier R. and {Gratier}, Pierre and {Le Petit}, Franck and {Levrier}, Fran{\c{c}}ois and {{\"O}berg}, Karin I. and {Roueff}, Evelyne and {Sievers}, Albrecht},
        title = "{The anatomy of the Orion B giant molecular cloud: A local template for studies of nearby galaxies}",
      journal = {\aap},
     keywords = {galaxies: ISM, ISM: clouds, HII regions, radio lines: galaxies, astrochemistry, Astrophysics - Astrophysics of Galaxies},
         year = 2017,
        month = jan,
       volume = {599},
          eid = {A98},
        pages = {A98},
          doi = {10.1051/0004-6361/201629862},
archivePrefix = {arXiv},
       eprint = {1611.04037},
 primaryClass = {astro-ph.GA},
       adsurl = {https://ui.adsabs.harvard.edu/abs/2017A&A...599A..98P},
      adsnote = {Provided by the SAO/NASA Astrophysics Data System}
}

@ARTICLE{Barnes2020,
       author = {{Barnes}, A.~T. and {Kauffmann}, J. and {Bigiel}, F. and {Brinkmann}, N. and {Colombo}, D. and {Guzm{\'a}n}, A.~E. and {Kim}, W.~J. and {Sz{\H{u}}cs}, L. and {Wakelam}, V. and {Aalto}, S. and {Albertsson}, T. and {Evans}, N.~J. and {Glover}, S.~C.~O. and {Goldsmith}, P.~F. and {Kramer}, C. and {Menten}, K. and {Nishimura}, Y. and {Viti}, S. and {Watanabe}, Y. and {Weiss}, A. and {Wienen}, M. and {Wiesemeyer}, H. and {Wyrowski}, F.},
        title = "{LEGO - II. A 3 mm molecular line study covering 100 pc of one of the most actively star-forming portions within the Milky Way disc}",
      journal = {\mnras},
     keywords = {stars: formation, ISM: clouds, ISM: molecules, galaxies: evolution, galaxies: ISM, galaxies: star formation, Astrophysics - Astrophysics of Galaxies},
         year = 2020,
        month = sep,
       volume = {497},
       number = {2},
        pages = {1972-2001},
          doi = {10.1093/mnras/staa1814},
archivePrefix = {arXiv},
       eprint = {2007.11005},
 primaryClass = {astro-ph.GA},
       adsurl = {https://ui.adsabs.harvard.edu/abs/2020MNRAS.497.1972B},
      adsnote = {Provided by the SAO/NASA Astrophysics Data System}
}

@INPROCEEDINGS{Goldsmith2018,
       author = {{Goldsmith}, Paul and {Kauffmann}, Jens},
        title = "{Electron Excitation of High Dipole Moment Molecules}",
    booktitle = {American Astronomical Society Meeting Abstracts \#231},
         year = 2018,
       series = {American Astronomical Society Meeting Abstracts},
       volume = {231},
        month = jan,
          eid = {130.06},
        pages = {130.06},
       adsurl = {https://ui.adsabs.harvard.edu/abs/2018AAS...23113006G},
      adsnote = {Provided by the SAO/NASA Astrophysics Data System}
}

@ARTICLE{Jones2021,
       author = {{Jones}, Gerwyn H. and {Clark}, Paul C. and {Glover}, Simon C.~O. and {Hacar}, Alvaro},
        title = "{On the density regime probed by HCN emission}",
      journal = {arXiv e-prints},
     keywords = {Astrophysics - Astrophysics of Galaxies},
         year = 2021,
        month = dec,
          eid = {arXiv:2112.05543},
        pages = {arXiv:2112.05543},
archivePrefix = {arXiv},
       eprint = {2112.05543},
 primaryClass = {astro-ph.GA},
       adsurl = {https://ui.adsabs.harvard.edu/abs/2021arXiv211205543J},
      adsnote = {Provided by the SAO/NASA Astrophysics Data System}
}

@ARTICLE{Henshaw2016,
       author = {{Henshaw}, J.~D. and {Longmore}, S.~N. and {Kruijssen}, J.~M.~D. and {Davies}, B. and {Bally}, J. and {Barnes}, A. and {Battersby}, C. and {Burton}, M. and {Cunningham}, M.~R. and {Dale}, J.~E. and {Ginsburg}, A. and {Immer}, K. and {Jones}, P.~A. and {Kendrew}, S. and {Mills}, E.~A.~C. and {Molinari}, S. and {Moore}, T.~J.~T. and {Ott}, J. and {Pillai}, T. and {Rathborne}, J. and {Schilke}, P. and {Schmiedeke}, A. and {Testi}, L. and {Walker}, D. and {Walsh}, A. and {Zhang}, Q.},
        title = "{Molecular gas kinematics within the central 250 pc of the Milky Way}",
      journal = {\mnras},
     keywords = {stars: formation, ISM: clouds, ISM: kinematics and dynamics, ISM: structure, Galaxy: centre, galaxies: ISM, Astrophysics - Astrophysics of Galaxies},
         year = 2016,
        month = apr,
       volume = {457},
       number = {3},
        pages = {2675-2702},
          doi = {10.1093/mnras/stw121},
archivePrefix = {arXiv},
       eprint = {1601.03732},
 primaryClass = {astro-ph.GA},
       adsurl = {https://ui.adsabs.harvard.edu/abs/2016MNRAS.457.2675H},
      adsnote = {Provided by the SAO/NASA Astrophysics Data System}
}

@ARTICLE{Allende-Prieto2001,
       author = {{Allende Prieto}, Carlos and {Lambert}, David L. and {Asplund}, Martin},
        title = "{The Forbidden Abundance of Oxygen in the Sun}",
      journal = {\apjl},
     keywords = {Sun: Abundances, Sun: Photosphere, Astrophysics},
         year = 2001,
        month = jul,
       volume = {556},
       number = {1},
        pages = {L63-L66},
          doi = {10.1086/322874},
archivePrefix = {arXiv},
       eprint = {astro-ph/0106360},
 primaryClass = {astro-ph},
       adsurl = {https://ui.adsabs.harvard.edu/abs/2001ApJ...556L..63A},
      adsnote = {Provided by the SAO/NASA Astrophysics Data System}
}

@ARTICLE{Eibensteiner2022,
       author = {{Eibensteiner}, C. and {Barnes}, A.~T. and {Bigiel}, F. and {Schinnerer}, E. and {Liu}, D. and {Meier}, D.~S. and {Usero}, A. and {Leroy}, A.~K. and {Rosolowsky}, E. and {Puschnig}, J. and {Lazar}, I. and {Pety}, J. and {Lopez}, L.~A. and {Emsellem}, E. and {Be{\v{s}}li{\'c}}, I. and {Querejeta}, M. and {Murphy}, E.~J. and {den Brok}, J. and {Schruba}, A. and {Chevance}, M. and {Glover}, S.~C.~O. and {Gao}, Y. and {Grasha}, K. and {Hassani}, H. and {Henshaw}, J.~D. and {Jimenez-Donaire}, M.~J. and {Klessen}, R.~S. and {Kruijssen}, J.~M.~D. and {Pan}, H. -A. and {Saito}, T. and {Sormani}, M.~C. and {Teng}, Y. -H. and {Williams}, T.~G.},
        title = "{A 2-3 mm high-resolution molecular line survey towards the centre of the nearby spiral galaxy NGC 6946}",
      journal = {\aap},
     keywords = {galaxies: ISM, ISM: molecules, galaxies: individual: NGC 6946, Astrophysics - Astrophysics of Galaxies},
         year = 2022,
        month = mar,
       volume = {659},
          eid = {A173},
        pages = {A173},
          doi = {10.1051/0004-6361/202142624},
archivePrefix = {arXiv},
       eprint = {2201.02209},
 primaryClass = {astro-ph.GA},
       adsurl = {https://ui.adsabs.harvard.edu/abs/2022A&A...659A.173E},
      adsnote = {Provided by the SAO/NASA Astrophysics Data System}
}

@ARTICLE{Jiang2020,
       author = {{Jiang}, Xue-Jian and {Greve}, Thomas R. and {Gao}, Yu and {Zhang}, Zhi-Yu and {Tan}, Qinghua and {de Grijs}, Richard and {Ho}, Luis C. and {Micha{\l}owski}, Micha{\l} J. and {Currie}, Malcolm J. and {Wilson}, Christine D. and {Brinks}, Elias and {Ao}, Yiping and {Zhao}, Yinghe and {He}, Jinhua and {Harada}, Nanase and {Yang}, Chentao and {Jiao}, Qian and {Chung}, Aeree and {Lee}, Bumhyun and {Smith}, Matthew W.~L. and {Liu}, Daizhong and {Matsushita}, Satoki and {Shi}, Yong and {Imanishi}, Masatoshi and {Rawlings}, Mark G. and {Zhu}, Ming and {Eden}, David and {Davis}, Timothy A. and {Li}, Xiaohu},
        title = "{The MALATANG survey: dense gas and star formation from high-transition HCN and HCO$^{+}$ maps of NGC 253}",
      journal = {\mnras},
     keywords = {ISM: molecules, galaxies: individual: NGC 253, galaxies: ISM, galaxies: star formation, submillimetre: ISM, Astrophysics - Astrophysics of Galaxies},
         year = 2020,
        month = may,
       volume = {494},
       number = {1},
        pages = {1276-1296},
          doi = {10.1093/mnras/staa794},
archivePrefix = {arXiv},
       eprint = {2003.06595},
 primaryClass = {astro-ph.GA},
       adsurl = {https://ui.adsabs.harvard.edu/abs/2020MNRAS.494.1276J},
      adsnote = {Provided by the SAO/NASA Astrophysics Data System}
}

@ARTICLE{Querejeta2021b,
       author = {{Querejeta}, M. and {Schinnerer}, E. and {Meidt}, S. and {Sun}, J. and {Leroy}, A.~K. and {Emsellem}, E. and {Klessen}, R.~S. and {Mu{\~n}oz-Mateos}, J.~C. and {Salo}, H. and {Laurikainen}, E. and {Be{\v{s}}li{\'c}}, I. and {Blanc}, G.~A. and {Chevance}, M. and {Dale}, D.~A. and {Eibensteiner}, C. and {Faesi}, C. and {Garc{\'\i}a-Rodr{\'\i}guez}, A. and {Glover}, S.~C.~O. and {Grasha}, K. and {Henshaw}, J. and {Herrera}, C. and {Hughes}, A. and {Kreckel}, K. and {Kruijssen}, J.~M.~D. and {Liu}, D. and {Murphy}, E.~J. and {Pan}, H. -A. and {Pety}, J. and {Razza}, A. and {Rosolowsky}, E. and {Saito}, T. and {Schruba}, A. and {Usero}, A. and {Watkins}, E.~J. and {Williams}, T.~G.},
        title = "{Stellar structures, molecular gas, and star formation across the PHANGS sample of nearby galaxies}",
      journal = {\aap},
     keywords = {galaxies: structure, galaxies: ISM, galaxies: star formation, Astrophysics - Astrophysics of Galaxies},
         year = 2021,
        month = dec,
       volume = {656},
          eid = {A133},
        pages = {A133},
          doi = {10.1051/0004-6361/202140695},
archivePrefix = {arXiv},
       eprint = {2109.04491},
 primaryClass = {astro-ph.GA},
       adsurl = {https://ui.adsabs.harvard.edu/abs/2021A&A...656A.133Q},
      adsnote = {Provided by the SAO/NASA Astrophysics Data System}
}

@ARTICLE{Federrath2016,
       author = {{Federrath}, C. and {Rathborne}, J.~M. and {Longmore}, S.~N. and {Kruijssen}, J.~M.~D. and {Bally}, J. and {Contreras}, Y. and {Crocker}, R.~M. and {Garay}, G. and {Jackson}, J.~M. and {Testi}, L. and {Walsh}, A.~J.},
        title = "{The Link between Turbulence, Magnetic Fields, Filaments, and Star Formation in the Central Molecular Zone Cloud G0.253+0.016}",
      journal = {\apj},
     keywords = {galaxies: ISM, Galaxy: center, ISM: clouds, magnetic fields, stars: formation, turbulence, Astrophysics - Astrophysics of Galaxies, Astrophysics - Solar and Stellar Astrophysics},
         year = 2016,
        month = dec,
       volume = {832},
       number = {2},
          eid = {143},
        pages = {143},
          doi = {10.3847/0004-637X/832/2/143},
archivePrefix = {arXiv},
       eprint = {1609.05911},
 primaryClass = {astro-ph.GA},
       adsurl = {https://ui.adsabs.harvard.edu/abs/2016ApJ...832..143F},
      adsnote = {Provided by the SAO/NASA Astrophysics Data System}
}

@ARTICLE{Kruijssen2019,
       author = {{Kruijssen}, J.~M.~D. and {Dale}, J.~E. and {Longmore}, S.~N. and {Walker}, D.~L. and {Henshaw}, J.~D. and {Jeffreson}, S.~M.~R. and {Petkova}, M.~A. and {Ginsburg}, A. and {Barnes}, A.~T. and {Battersby}, C.~D. and {Immer}, K. and {Jackson}, J.~M. and {Keto}, E.~R. and {Krieger}, N. and {Mills}, E.~A.~C. and {S{\'a}nchez-Monge}, {\'A}. and {Schmiedeke}, A. and {Suri}, S.~T. and {Zhang}, Q.},
        title = "{The dynamical evolution of molecular clouds near the Galactic Centre - II. Spatial structure and kinematics of simulated clouds}",
      journal = {\mnras},
     keywords = {stars: formation, ISM: clouds, ISM: evolution, ISM: kinematics and dynamics, Galaxy: centre, galaxies: ISM, Astrophysics - Astrophysics of Galaxies},
         year = 2019,
        month = apr,
       volume = {484},
       number = {4},
        pages = {5734-5754},
          doi = {10.1093/mnras/stz381},
archivePrefix = {arXiv},
       eprint = {1902.01860},
 primaryClass = {astro-ph.GA},
       adsurl = {https://ui.adsabs.harvard.edu/abs/2019MNRAS.484.5734K},
      adsnote = {Provided by the SAO/NASA Astrophysics Data System}
}

@ARTICLE{Beslic2021,
       author = {{Be{\v{s}}li{\'c}}, I. and {Barnes}, A.~T. and {Bigiel}, F. and {Puschnig}, J. and {Pety}, J. and {Herrera Contreras}, C. and {Leroy}, A.~K. and {Usero}, A. and {Schinnerer}, E. and {Meidt}, S.~E. and {Emsellem}, E. and {Hughes}, A. and {Faesi}, C. and {Kreckel}, K. and {Belfiore}, F.~M.~C. and {Chevance}, M. and {den Brok}, J.~S. and {Eibensteiner}, C. and {Glover}, S.~C.~O. and {Grasha}, K. and {Jimenez-Donaire}, M.~J. and {Klessen}, R.~S. and {Kruijssen}, J.~M.~D. and {Liu}, D. and {Pessa}, I. and {Querejeta}, M. and {Rosolowsky}, E. and {Saito}, T. and {Santoro}, F. and {Schruba}, A. and {Sormani}, M.~C. and {Williams}, T.~G.},
        title = "{Dense molecular gas properties on 100 pc scales across the disc of NGC 3627}",
      journal = {\mnras},
     keywords = {stars: formation, ISM: clouds, ISM: molecules, galaxies: evolution, galaxies: ISM, galaxies: star formation, Astrophysics - Astrophysics of Galaxies},
         year = 2021,
        month = sep,
       volume = {506},
       number = {1},
        pages = {963-988},
          doi = {10.1093/mnras/stab1776},
archivePrefix = {arXiv},
       eprint = {2106.09742},
 primaryClass = {astro-ph.GA},
       adsurl = {https://ui.adsabs.harvard.edu/abs/2021MNRAS.506..963B},
      adsnote = {Provided by the SAO/NASA Astrophysics Data System}
}

@ARTICLE{Leroy2009,
       author = {{Leroy}, Adam K. and {Walter}, Fabian and {Bigiel}, Frank and {Usero}, Antonio and {Weiss}, Axel and {Brinks}, Elias and {de Blok}, W.~J.~G. and {Kennicutt}, Robert C. and {Schuster}, Karl-Friedrich and {Kramer}, Carsten and {Wiesemeyer}, H.~W. and {Roussel}, H{\'e}l{\`e}ne},
        title = "{Heracles: The HERA CO Line Extragalactic Survey}",
      journal = {\aj},
     keywords = {galaxies: ISM, ISM: molecules, radio lines: galaxies, Astrophysics - Cosmology and Extragalactic Astrophysics},
         year = 2009,
        month = jun,
       volume = {137},
       number = {6},
        pages = {4670-4696},
          doi = {10.1088/0004-6256/137/6/4670},
archivePrefix = {arXiv},
       eprint = {0905.4742},
 primaryClass = {astro-ph.CO},
       adsurl = {https://ui.adsabs.harvard.edu/abs/2009AJ....137.4670L},
      adsnote = {Provided by the SAO/NASA Astrophysics Data System}
}

@ARTICLE{Wong2002,
       author = {{Wong}, Tony and {Blitz}, Leo},
        title = "{The Relationship between Gas Content and Star Formation in Molecule-rich Spiral Galaxies}",
      journal = {\apj},
     keywords = {Galaxies: Evolution, Galaxies: ISM, Stars: Formation, Astrophysics},
         year = 2002,
        month = apr,
       volume = {569},
       number = {1},
        pages = {157-183},
          doi = {10.1086/339287},
archivePrefix = {arXiv},
       eprint = {astro-ph/0112204},
 primaryClass = {astro-ph},
       adsurl = {https://ui.adsabs.harvard.edu/abs/2002ApJ...569..157W},
      adsnote = {Provided by the SAO/NASA Astrophysics Data System}
}

@ARTICLE{Israel2020,
       author = {{Israel}, F.~P.},
        title = "{Central molecular zones in galaxies: $^{12}$CO-to-$^{13}$CO ratios, carbon budget, and X factors}",
      journal = {\aap},
     keywords = {galaxies: general, galaxies: abundances, galaxies: ISM, galaxies: statistics, galaxies: starburst, ISM: molecules, Astrophysics - Astrophysics of Galaxies},
         year = 2020,
        month = mar,
       volume = {635},
          eid = {A131},
        pages = {A131},
          doi = {10.1051/0004-6361/201834198},
archivePrefix = {arXiv},
       eprint = {2001.04975},
 primaryClass = {astro-ph.GA},
       adsurl = {https://ui.adsabs.harvard.edu/abs/2020A&A...635A.131I},
      adsnote = {Provided by the SAO/NASA Astrophysics Data System}
}

@ARTICLE{Gong2020,
       author = {{Gong}, Munan and {Ostriker}, Eve C. and {Kim}, Chang-Goo and {Kim}, Jeong-Gyu},
        title = "{The Environmental Dependence of the X$_{CO}$ Conversion Factor}",
      journal = {\apj},
     keywords = {Interstellar medium, Interstellar molecules, Molecular clouds, Galaxy disks, Magnetohydrodynamical simulations, Chemical abundances, 847, 849, 1072, 589, 1966, 224, Astrophysics - Astrophysics of Galaxies, Astrophysics - Solar and Stellar Astrophysics},
         year = 2020,
        month = nov,
       volume = {903},
       number = {2},
          eid = {142},
        pages = {142},
          doi = {10.3847/1538-4357/abbdab},
archivePrefix = {arXiv},
       eprint = {2009.14631},
 primaryClass = {astro-ph.GA},
       adsurl = {https://ui.adsabs.harvard.edu/abs/2020ApJ...903..142G},
      adsnote = {Provided by the SAO/NASA Astrophysics Data System}
}

@ARTICLE{Feldmann2012,
       author = {{Feldmann}, Robert and {Gnedin}, Nickolay Y. and {Kravtsov}, Andrey V.},
        title = "{The X-factor in Galaxies. I. Dependence on Environment and Scale}",
      journal = {\apj},
     keywords = {galaxies: evolution, galaxies: ISM, ISM: molecules, methods: numerical, Astrophysics - Cosmology and Nongalactic Astrophysics, Astrophysics - Astrophysics of Galaxies},
         year = 2012,
        month = mar,
       volume = {747},
       number = {2},
          eid = {124},
        pages = {124},
          doi = {10.1088/0004-637X/747/2/124},
archivePrefix = {arXiv},
       eprint = {1112.1732},
 primaryClass = {astro-ph.CO},
       adsurl = {https://ui.adsabs.harvard.edu/abs/2012ApJ...747..124F},
      adsnote = {Provided by the SAO/NASA Astrophysics Data System}
}

@ARTICLE{Accurso2017,
       author = {{Accurso}, G. and {Saintonge}, A. and {Catinella}, B. and {Cortese}, L. and {Dav{\'e}}, R. and {Dunsheath}, S.~H. and {Genzel}, R. and {Gracia-Carpio}, J. and {Heckman}, T.~M. and {Jimmy} and {Kramer}, C. and {Li}, Cheng and {Lutz}, K. and {Schiminovich}, D. and {Schuster}, K. and {Sternberg}, A. and {Sturm}, E. and {Tacconi}, L.~J. and {Tran}, K.~V. and {Wang}, J.},
        title = "{Deriving a multivariate {\ensuremath{\alpha}}$_{CO}$ conversion function using the [C II]/CO (1-0) ratio and its application to molecular gas scaling relations}",
      journal = {\mnras},
     keywords = {surveys, galaxies: evolution, galaxies: fundamental parameters, galaxies: ISM, radio lines: galaxies, Astrophysics - Astrophysics of Galaxies},
         year = 2017,
        month = oct,
       volume = {470},
       number = {4},
        pages = {4750-4766},
          doi = {10.1093/mnras/stx1556},
archivePrefix = {arXiv},
       eprint = {1702.03888},
 primaryClass = {astro-ph.GA},
       adsurl = {https://ui.adsabs.harvard.edu/abs/2017MNRAS.470.4750A},
      adsnote = {Provided by the SAO/NASA Astrophysics Data System}
}

@ARTICLE{Shetty2011a,
       author = {{Shetty}, Rahul and {Glover}, Simon C. and {Dullemond}, Cornelis P. and {Klessen}, Ralf S.},
        title = "{Modelling CO emission - I. CO as a column density tracer and the X factor in molecular clouds}",
      journal = {\mnras},
     keywords = {methods: numerical, stars: formation, ISM: clouds, ISM: molecules, ISM: structure, Astrophysics - Astrophysics of Galaxies},
         year = 2011,
        month = apr,
       volume = {412},
       number = {3},
        pages = {1686-1700},
          doi = {10.1111/j.1365-2966.2010.18005.x},
archivePrefix = {arXiv},
       eprint = {1011.2019},
 primaryClass = {astro-ph.GA},
       adsurl = {https://ui.adsabs.harvard.edu/abs/2011MNRAS.412.1686S},
      adsnote = {Provided by the SAO/NASA Astrophysics Data System}
}

@ARTICLE{Shetty2011b,
       author = {{Shetty}, Rahul and {Glover}, Simon C. and {Dullemond}, Cornelis P. and {Ostriker}, Eve C. and {Harris}, Andrew I. and {Klessen}, Ralf S.},
        title = "{Modelling CO emission - II. The physical characteristics that determine the X factor in Galactic molecular clouds}",
      journal = {\mnras},
     keywords = {line: profiles, stars: formation, ISM: clouds, ISM: lines and bands, ISM: molecules, ISM: structure, Astrophysics - Astrophysics of Galaxies},
         year = 2011,
        month = aug,
       volume = {415},
       number = {4},
        pages = {3253-3274},
          doi = {10.1111/j.1365-2966.2011.18937.x},
archivePrefix = {arXiv},
       eprint = {1104.3695},
 primaryClass = {astro-ph.GA},
       adsurl = {https://ui.adsabs.harvard.edu/abs/2011MNRAS.415.3253S},
      adsnote = {Provided by the SAO/NASA Astrophysics Data System}
}



@ARTICLE{Papadopoulos2012,
       author = {{Papadopoulos}, Padelis P. and {van der Werf}, Paul and {Xilouris}, E. and {Isaak}, Kate G. and {Gao}, Yu},
        title = "{The Molecular Gas in Luminous Infrared Galaxies. II. Extreme Physical Conditions and Their Effects on the X $_{co}$ Factor}",
      journal = {\apj},
     keywords = {galaxies: active, galaxies: ISM, galaxies: starburst, ISM: molecules, radiation mechanisms: general, techniques: spectroscopic, Astrophysics - Cosmology and Nongalactic Astrophysics, Astrophysics - Astrophysics of Galaxies},
         year = 2012,
        month = may,
       volume = {751},
       number = {1},
          eid = {10},
        pages = {10},
          doi = {10.1088/0004-637X/751/1/10},
archivePrefix = {arXiv},
       eprint = {1202.1803},
 primaryClass = {astro-ph.CO},
       adsurl = {https://ui.adsabs.harvard.edu/abs/2012ApJ...751...10P},
      adsnote = {Provided by the SAO/NASA Astrophysics Data System}
}

@ARTICLE{Teng2022,
       author = {{Teng}, Yu-Hsuan and {Sandstrom}, Karin M. and {Sun}, Jiayi and {Leroy}, Adam K. and {Johnson}, L. Clifton and {Bolatto}, Alberto D. and {Kruijssen}, J.~M. Diederik and {Schruba}, Andreas and {Usero}, Antonio and {Barnes}, Ashley T. and {Bigiel}, Frank and {Blanc}, Guillermo A. and {Groves}, Brent and {Israel}, Frank P. and {Liu}, Daizhong and {Rosolowsky}, Erik and {Schinnerer}, Eva and {Smith}, J.~D. and {Walter}, Fabian},
        title = "{Molecular Gas Properties and CO-to-H$_{2}$ Conversion Factors in the Central Kiloparsec of NGC 3351}",
      journal = {\apj},
     keywords = {Barred spiral galaxies, CO line emission, Molecular gas, Star-forming regions, Astrophysics - Astrophysics of Galaxies},
         year = 2022,
        month = jan,
       volume = {925},
       number = {1},
          eid = {72},
        pages = {72},
          doi = {10.3847/1538-4357/ac382f},
archivePrefix = {arXiv},
       eprint = {2111.05844},
 primaryClass = {astro-ph.GA},
       adsurl = {https://ui.adsabs.harvard.edu/abs/2022ApJ...925...72T},
      adsnote = {Provided by the SAO/NASA Astrophysics Data System}
}

@ARTICLE{Watanabe2011,
       author = {{Watanabe}, Y. and {Sorai}, K. and {Kuno}, N. and {Habe}, A.},
        title = "{Refined molecular gas mass and star-formation efficiency in NGC 3627}",
      journal = {\mnras},
     keywords = {galaxies: individual: NGC 3627, galaxies: ISM, galaxies: spiral, radio lines: galaxies},
         year = 2011,
        month = mar,
       volume = {411},
       number = {3},
        pages = {1409-1417},
          doi = {10.1111/j.1365-2966.2010.17746.x},
       adsurl = {https://ui.adsabs.harvard.edu/abs/2011MNRAS.411.1409W},
      adsnote = {Provided by the SAO/NASA Astrophysics Data System}
}

@ARTICLE{Hodges1958,
       author = {{Hodges}, J.~L.},
        title = "{The significance probability of the smirnov two-sample test}",
      journal = {Arkiv for Matematik},
         year = 1958,
        month = jan,
       volume = {3},
       number = {5},
        pages = {469-486},
          doi = {10.1007/BF02589501},
       adsurl = {https://ui.adsabs.harvard.edu/abs/1958ArM.....3..469H},
      adsnote = {Provided by the SAO/NASA Astrophysics Data System}
}

@ARTICLE{Krumholz2015,
       author = {{Krumholz}, Mark R. and {Kruijssen}, J.~M. Diederik},
        title = "{A dynamical model for the formation of gas rings and episodic starbursts near galactic centres}",
      journal = {\mnras},
     keywords = {stars: formation, ISM: kinematics and dynamics, Galaxy: centre, Galaxy: evolution, galaxies: evolution, Astrophysics - Astrophysics of Galaxies},
         year = 2015,
        month = oct,
       volume = {453},
       number = {1},
        pages = {739-757},
          doi = {10.1093/mnras/stv1670},
archivePrefix = {arXiv},
       eprint = {1505.07111},
 primaryClass = {astro-ph.GA},
       adsurl = {https://ui.adsabs.harvard.edu/abs/2015MNRAS.453..739K},
      adsnote = {Provided by the SAO/NASA Astrophysics Data System}
}

@ARTICLE{Seo2019,
       author = {{Seo}, Woo-Young and {Kim}, Woong-Tae and {Kwak}, SungWon and {Hsieh}, Pei-Ying and {Han}, Cheongho and {Hopkins}, Phil F.},
        title = "{Effects of Gas on Formation and Evolution of Stellar Bars and Nuclear Rings in Disk Galaxies}",
      journal = {\apj},
     keywords = {galaxies: evolution, galaxies: ISM, galaxies: kinematics and dynamics, galaxies: nuclei, galaxies: structure, stars: formation, Astrophysics - Astrophysics of Galaxies},
         year = 2019,
        month = feb,
       volume = {872},
       number = {1},
          eid = {5},
        pages = {5},
          doi = {10.3847/1538-4357/aafc5f},
archivePrefix = {arXiv},
       eprint = {1901.02021},
 primaryClass = {astro-ph.GA},
       adsurl = {https://ui.adsabs.harvard.edu/abs/2019ApJ...872....5S},
      adsnote = {Provided by the SAO/NASA Astrophysics Data System}
}

@ARTICLE{Sormani2020b,
       author = {{Sormani}, Mattia C. and {Tress}, Robin G. and {Glover}, Simon C.~O. and {Klessen}, Ralf S. and {Battersby}, Cara D. and {Clark}, Paul C. and {Hatchfield}, H. Perry and {Smith}, Rowan J.},
        title = "{Simulations of the Milky Way's Central Molecular Zone - II. Star formation}",
      journal = {\mnras},
     keywords = {stars: formation, ISM: clouds, ISM: evolution, ISM: kinematics and dynamics, Galaxy: centre, Galaxy: kinematics and dynamics, Astrophysics - Astrophysics of Galaxies},
         year = 2020,
        month = oct,
       volume = {497},
       number = {4},
        pages = {5024-5040},
          doi = {10.1093/mnras/staa1999},
archivePrefix = {arXiv},
       eprint = {2004.06731},
 primaryClass = {astro-ph.GA},
       adsurl = {https://ui.adsabs.harvard.edu/abs/2020MNRAS.497.5024S},
      adsnote = {Provided by the SAO/NASA Astrophysics Data System}
}

@ARTICLE{Moon2022,
       author = {{Moon}, Sanghyuk and {Kim}, Woong-Tae and {Kim}, Chang-Goo and {Ostriker}, Eve C.},
        title = "{Effects of Varying Mass Inflows on Star Formation in Nuclear Rings of Barred Galaxies}",
      journal = {\apj},
     keywords = {1569, 581, 136, 1602, 847, 767, 609, Astrophysics - Astrophysics of Galaxies},
         year = 2022,
        month = jan,
       volume = {925},
       number = {1},
          eid = {99},
        pages = {99},
          doi = {10.3847/1538-4357/ac3a7b},
archivePrefix = {arXiv},
       eprint = {2110.14882},
 primaryClass = {astro-ph.GA},
       adsurl = {https://ui.adsabs.harvard.edu/abs/2022ApJ...925...99M},
      adsnote = {Provided by the SAO/NASA Astrophysics Data System}
}

@ARTICLE{Wu2010,
       author = {{Wu}, Jingwen and {Evans}, Neal J., II and {Shirley}, Yancy L. and {Knez}, Claudia},
        title = "{The Properties of Massive, Dense Clumps: Mapping Surveys of HCN and CS}",
      journal = {\apjs},
     keywords = {galaxies: formation, ISM: clouds, ISM: molecules, stars: formation, submillimeter: ISM, Astrophysics - Astrophysics of Galaxies},
         year = 2010,
        month = jun,
       volume = {188},
       number = {2},
        pages = {313-357},
          doi = {10.1088/0067-0049/188/2/313},
archivePrefix = {arXiv},
       eprint = {1004.0398},
 primaryClass = {astro-ph.GA},
       adsurl = {https://ui.adsabs.harvard.edu/abs/2010ApJS..188..313W},
      adsnote = {Provided by the SAO/NASA Astrophysics Data System}
}

@ARTICLE{Stephens2016,
       author = {{Stephens}, Ian W. and {Jackson}, James M. and {Whitaker}, J. Scott and {Contreras}, Yanett and {Guzm{\'a}n}, Andr{\'e}s E. and {Sanhueza}, Patricio and {Foster}, Jonathan B. and {Rathborne}, Jill M.},
        title = "{Linking Dense Gas from the Milky Way to External Galaxies}",
      journal = {\apj},
     keywords = {galaxies: star formation, ISM: clouds, ISM: molecules, stars: formation, stars: massive, Astrophysics - Astrophysics of Galaxies},
         year = 2016,
        month = jun,
       volume = {824},
       number = {1},
          eid = {29},
        pages = {29},
          doi = {10.3847/0004-637X/824/1/29},
archivePrefix = {arXiv},
       eprint = {1603.09341},
 primaryClass = {astro-ph.GA},
       adsurl = {https://ui.adsabs.harvard.edu/abs/2016ApJ...824...29S},
      adsnote = {Provided by the SAO/NASA Astrophysics Data System}
}

@ARTICLE{Lee2022,
       author = {{Lee}, Janice C. and {Whitmore}, Bradley C. and {Thilker}, David A. and {Deger}, Sinan and {Larson}, Kirsten L. and {Ubeda}, Leonardo and {Anand}, Gagandeep S. and {Boquien}, M{\'e}d{\'e}ric and {Chandar}, Rupali and {Dale}, Daniel A. and {Emsellem}, Eric and {Leroy}, Adam K. and {Rosolowsky}, Erik and {Schinnerer}, Eva and {Schmidt}, Judy and {Lilly}, James and {Turner}, Jordan and {Van Dyk}, Schuyler and {White}, Richard L. and {Barnes}, Ashley T. and {Belfiore}, Francesco and {Bigiel}, Frank and {Blanc}, Guillermo A. and {Cao}, Yixian and {Chevance}, Melanie and {Congiu}, Enrico and {Egorov}, Oleg V. and {Glover}, Simon C.~O. and {Grasha}, Kathryn and {Groves}, Brent and {Henshaw}, Jonathan D. and {Hughes}, Annie and {Klessen}, Ralf S. and {Koch}, Eric and {Kreckel}, Kathryn and {Kruijssen}, J.~M. Diederik and {Liu}, Daizhong and {Lopez}, Laura A. and {Mayker}, Ness and {Meidt}, Sharon E. and {Murphy}, Eric J. and {Pan}, Hsi-An and {Pety}, J{\'e}r{\^o}me and {Querejeta}, Miguel and {Razza}, Alessandro and {Saito}, Toshiki and {S{\'a}nchez-Bl{\'a}zquez}, Patricia and {Santoro}, Francesco and {Sardone}, Amy and {Scheuermann}, Fabian and {Schruba}, Andreas and {Sun}, Jiayi and {Usero}, Antonio and {Watkins}, E. and {Williams}, Thomas G.},
        title = "{The PHANGS-HST Survey: Physics at High Angular Resolution in Nearby Galaxies with the Hubble Space Telescope}",
      journal = {\apjs},
     keywords = {1569, 1567, 1833, 1671, 1560, 761, Astrophysics - Astrophysics of Galaxies},
         year = 2022,
        month = jan,
       volume = {258},
       number = {1},
          eid = {10},
        pages = {10},
          doi = {10.3847/1538-4365/ac1fe5},
archivePrefix = {arXiv},
       eprint = {2101.02855},
 primaryClass = {astro-ph.GA},
       adsurl = {https://ui.adsabs.harvard.edu/abs/2022ApJS..258...10L},
      adsnote = {Provided by the SAO/NASA Astrophysics Data System}
}




@ARTICLE{Evans2020,
       author = {{Evans}, Neal J., II and {Kim}, Kee-Tae and {Wu}, Jingwen and {Chao}, Zhang and {Heyer}, Mark and {Liu}, Tie and {Nguyen-Lu'o'ng}, Quang and {Kauffmann}, Jens},
        title = "{Star Formation Occurs in Dense Gas, but What Does ``Dense'' Mean?}",
      journal = {\apj},
     keywords = {Interstellar medium, Molecular clouds, Star formation, 847, 1072, 1569, Astrophysics - Astrophysics of Galaxies},
         year = 2020,
        month = may,
       volume = {894},
       number = {2},
          eid = {103},
        pages = {103},
          doi = {10.3847/1538-4357/ab8938},
archivePrefix = {arXiv},
       eprint = {2004.06631},
 primaryClass = {astro-ph.GA},
       adsurl = {https://ui.adsabs.harvard.edu/abs/2020ApJ...894..103E},
      adsnote = {Provided by the SAO/NASA Astrophysics Data System}
}

@article{NumPy2020,
 adsnote = {Provided by the SAO/NASA Astrophysics Data System},
 adsurl = {https://ui.adsabs.harvard.edu/abs/2020Natur.585..357H},
 archiveprefix = {arXiv},
 author = {{Harris}, Charles R. and {Millman}, K. Jarrod and {van der Walt}, St{\'e}fan J. and {Gommers}, Ralf and {Virtanen}, Pauli and {Cournapeau}, David and {Wieser}, Eric and {Taylor}, Julian and {Berg}, Sebastian and {Smith}, Nathaniel J. and {Kern}, Robert and {Picus}, Matti and {Hoyer}, Stephan and {van Kerkwijk}, Marten H. and {Brett}, Matthew and {Haldane}, Allan and {del R{\'\i}o}, Jaime Fern{\'a}ndez and {Wiebe}, Mark and {Peterson}, Pearu and {G{\'e}rard-Marchant}, Pierre and {Sheppard}, Kevin and {Reddy}, Tyler and {Weckesser}, Warren and {Abbasi}, Hameer and {Gohlke}, Christoph and {Oliphant}, Travis E.},
 doi = {10.1038/s41586-020-2649-2},
 eprint = {2006.10256},
 journal = {\nat},
 keywords = {Computer Science - Mathematical Software, Statistics - Computation},
 month = {September},
 number = {7825},
 pages = {357-362},
 primaryclass = {cs.MS},
 title = {{Array programming with NumPy}},
 volume = {585},
 year = {2020}
}

@article{SciPy2020,
 adsnote = {Provided by the SAO/NASA Astrophysics Data System},
 adsurl = {https://ui.adsabs.harvard.edu/abs/2020NatMe..17..261V},
 archiveprefix = {arXiv},
 author = {{Virtanen}, Pauli and {Gommers}, Ralf and {Oliphant}, Travis E. and {Haberland}, Matt and {Reddy}, Tyler and {Cournapeau}, David and {Burovski}, Evgeni and {Peterson}, Pearu and {Weckesser}, Warren and {Bright}, Jonathan and {van der Walt}, St{\'e}fan J. and {Brett}, Matthew and {Wilson}, Joshua and {Millman}, K. Jarrod and {Mayorov}, Nikolay and {Nelson}, Andrew R.~J. and {Jones}, Eric and {Kern}, Robert and {Larson}, Eric and {Carey}, C.~J. and {Polat}, {\.I}lhan and {Feng}, Yu and {Moore}, Eric W. and {VanderPlas}, Jake and {Laxalde}, Denis and {Perktold}, Josef and {Cimrman}, Robert and {Henriksen}, Ian and {Quintero}, E.~A. and {Harris}, Charles R. and {Archibald}, Anne M. and {Ribeiro}, Ant{\^o}nio H. and {Pedregosa}, Fabian and {van Mulbregt}, Paul and {SciPy 1. 0 Contributors}},
 doi = {10.1038/s41592-019-0686-2},
 eprint = {1907.10121},
 journal = {Nature Methods},
 keywords = {Computer Science - Mathematical Software, Computer Science - Data Structures and Algorithms, Computer Science - Software Engineering, Physics - Computational Physics},
 month = {February},
 pages = {261-272},
 primaryclass = {cs.MS},
 title = {{SciPy 1.0: fundamental algorithms for scientific computing in Python}},
 volume = {17},
 year = {2020}
}

@article{Astropy2018,
 adsnote = {Provided by the SAO/NASA Astrophysics Data System},
 adsurl = {https://ui.adsabs.harvard.edu/abs/2018AJ....156..123A},
 archiveprefix = {arXiv},
 author = {{Astropy Collaboration} and {Price-Whelan}, A.~M. and {Sip{\H{o}}cz}, B.~M. and {G{\"u}nther}, H.~M. and {Lim}, P.~L. and {Crawford}, S.~M. and {Conseil}, S. and {Shupe}, D.~L. and {Craig}, M.~W. and {Dencheva}, N. and {Ginsburg}, A. and {VanderPlas}, J.~T. and {Bradley}, L.~D. and {P{\'e}rez-Su{\'a}rez}, D. and {de Val-Borro}, M. and {Aldcroft}, T.~L. and {Cruz}, K.~L. and {Robitaille}, T.~P. and {Tollerud}, E.~J. and {Ardelean}, C. and {Babej}, T. and {Bach}, Y.~P. and {Bachetti}, M. and {Bakanov}, A.~V. and {Bamford}, S.~P. and {Barentsen}, G. and {Barmby}, P. and {Baumbach}, A. and {Berry}, K.~L. and {Biscani}, F. and {Boquien}, M. and {Bostroem}, K.~A. and {Bouma}, L.~G. and {Brammer}, G.~B. and {Bray}, E.~M. and {Breytenbach}, H. and {Buddelmeijer}, H. and {Burke}, D.~J. and {Calderone}, G. and {Cano Rodr{\'\i}guez}, J.~L. and {Cara}, M. and {Cardoso}, J.~V.~M. and {Cheedella}, S. and {Copin}, Y. and {Corrales}, L. and {Crichton}, D. and {D'Avella}, D. and {Deil}, C. and {Depagne}, {\'E}. and {Dietrich}, J.~P. and {Donath}, A. and {Droettboom}, M. and {Earl}, N. and {Erben}, T. and {Fabbro}, S. and {Ferreira}, L.~A. and {Finethy}, T. and {Fox}, R.~T. and {Garrison}, L.~H. and {Gibbons}, S.~L.~J. and {Goldstein}, D.~A. and {Gommers}, R. and {Greco}, J.~P. and {Greenfield}, P. and {Groener}, A.~M. and {Grollier}, F. and {Hagen}, A. and {Hirst}, P. and {Homeier}, D. and {Horton}, A.~J. and {Hosseinzadeh}, G. and {Hu}, L. and {Hunkeler}, J.~S. and {Ivezi{\'c}}, {\v{Z}}. and {Jain}, A. and {Jenness}, T. and {Kanarek}, G. and {Kendrew}, S. and {Kern}, N.~S. and {Kerzendorf}, W.~E. and {Khvalko}, A. and {King}, J. and {Kirkby}, D. and {Kulkarni}, A.~M. and {Kumar}, A. and {Lee}, A. and {Lenz}, D. and {Littlefair}, S.~P. and {Ma}, Z. and {Macleod}, D.~M. and {Mastropietro}, M. and {McCully}, C. and {Montagnac}, S. and {Morris}, B.~M. and {Mueller}, M. and {Mumford}, S.~J. and {Muna}, D. and {Murphy}, N.~A. and {Nelson}, S. and {Nguyen}, G.~H. and {Ninan}, J.~P. and {N{\"o}the}, M. and {Ogaz}, S. and {Oh}, S. and {Parejko}, J.~K. and {Parley}, N. and {Pascual}, S. and {Patil}, R. and {Patil}, A.~A. and {Plunkett}, A.~L. and {Prochaska}, J.~X. and {Rastogi}, T. and {Reddy Janga}, V. and {Sabater}, J. and {Sakurikar}, P. and {Seifert}, M. and {Sherbert}, L.~E. and {Sherwood-Taylor}, H. and {Shih}, A.~Y. and {Sick}, J. and {Silbiger}, M.~T. and {Singanamalla}, S. and {Singer}, L.~P. and {Sladen}, P.~H. and {Sooley}, K.~A. and {Sornarajah}, S. and {Streicher}, O. and {Teuben}, P. and {Thomas}, S.~W. and {Tremblay}, G.~R. and {Turner}, J.~E.~H. and {Terr{\'o}n}, V. and {van Kerkwijk}, M.~H. and {de la Vega}, A. and {Watkins}, L.~L. and {Weaver}, B.~A. and {Whitmore}, J.~B. and {Woillez}, J. and {Zabalza}, V. and {Astropy Contributors}},
 doi = {10.3847/1538-3881/aabc4f},
 eid = {123},
 eprint = {1801.02634},
 journal = {\aj},
 keywords = {methods: data analysis, methods: miscellaneous, methods: statistical, reference systems, Astrophysics - Instrumentation and Methods for Astrophysics},
 month = {September},
 number = {3},
 pages = {123},
 primaryclass = {astro-ph.IM},
 title = {{The Astropy Project: Building an Open-science Project and Status of the v2.0 Core Package}},
 volume = {156},
 year = {2018}
}

@misc{Pandas_1.3.4,
  author = {{The pandas development team}},
  doi = {10.5281/zenodo.5574486},
  month = {October},
  publisher = {Zenodo},
  title = {Pandas-Dev/Pandas: {{Pandas}}},
  version = {v1.3.4},
  year = {2021}
}

@article{Matplotlib2007,
 adsnote = {Provided by the SAO/NASA Astrophysics Data System},
 adsurl = {https://ui.adsabs.harvard.edu/abs/2007CSE.....9...90H},
 author = {{Hunter}, John D.},
 doi = {10.1109/MCSE.2007.55},
 journal = {Computing in Science and Engineering},
 keywords = {Python, Scripting languages, Application development, Scientific programming},
 month = {May},
 number = {3},
 pages = {90-95},
 title = {{Matplotlib: A 2D Graphics Environment}},
 volume = {9},
 year = {2007}
}

@ARTICLE{Shimajiri2017,
       author = {{Shimajiri}, Y. and {Andr{\'e}}, Ph. and {Braine}, J. and {K{\"o}nyves}, V. and {Schneider}, N. and {Bontemps}, S. and {Ladjelate}, B. and {Roy}, A. and {Gao}, Y. and {Chen}, H.},
        title = "{Testing the universality of the star-formation efficiency in dense molecular gas}",
      journal = {\aap},
     keywords = {ISM: clouds, stars: formation, Astrophysics - Astrophysics of Galaxies},
         year = 2017,
        month = aug,
       volume = {604},
          eid = {A74},
        pages = {A74},
          doi = {10.1051/0004-6361/201730633},
archivePrefix = {arXiv},
       eprint = {1705.00213},
 primaryClass = {astro-ph.GA},
       adsurl = {https://ui.adsabs.harvard.edu/abs/2017A&A...604A..74S},
      adsnote = {Provided by the SAO/NASA Astrophysics Data System}
}

@ARTICLE{Lada2010,
       author = {{Lada}, Charles J. and {Lombardi}, Marco and {Alves}, Jo{\~a}o F.},
        title = "{On the Star Formation Rates in Molecular Clouds}",
      journal = {\apj},
     keywords = {dust, extinction, ISM: clouds, stars: formation, Astrophysics - Astrophysics of Galaxies},
         year = 2010,
        month = nov,
       volume = {724},
       number = {1},
        pages = {687-693},
          doi = {10.1088/0004-637X/724/1/687},
archivePrefix = {arXiv},
       eprint = {1009.2985},
 primaryClass = {astro-ph.GA},
       adsurl = {https://ui.adsabs.harvard.edu/abs/2010ApJ...724..687L},
      adsnote = {Provided by the SAO/NASA Astrophysics Data System}
}

@ARTICLE{Chen2015,
       author = {{Chen}, Hao and {Gao}, Yu and {Braine}, Jonathan and {Gu}, Qiusheng},
        title = "{Spatially Resolved Dense Molecular Gas and Star Formation Rate in M51}",
      journal = {\apj},
     keywords = {galaxies: individual: M51, NGC 5194, galaxies: ISM, ISM: molecules, radio lines: galaxies, Astrophysics - Astrophysics of Galaxies},
         year = 2015,
        month = sep,
       volume = {810},
       number = {2},
          eid = {140},
        pages = {140},
          doi = {10.1088/0004-637X/810/2/140},
archivePrefix = {arXiv},
       eprint = {1507.08506},
 primaryClass = {astro-ph.GA},
       adsurl = {https://ui.adsabs.harvard.edu/abs/2015ApJ...810..140C},
      adsnote = {Provided by the SAO/NASA Astrophysics Data System}
}

@ARTICLE{Chin1997,
       author = {{Chin}, Y. -N. and {Henkel}, C. and {Whiteoak}, J.~B. and {Millar}, T.~J. and {Hunt}, M.~R. and {Lemme}, C.},
        title = "{Molecular abundances in the Magellanic Clouds. I. A multiline study of five cloud cores.}",
      journal = {\aap},
     keywords = {ISM: ABUNDANCES, ISM: MOLECULES, GALAXIES: ABUNDANCES, GALAXIES: ISM, MAGELLANIC CLOUDS, RADIO LINES: ISM, Astrophysics},
         year = 1997,
        month = jan,
       volume = {317},
        pages = {548-562},
archivePrefix = {arXiv},
       eprint = {astro-ph/9606081},
 primaryClass = {astro-ph},
       adsurl = {https://ui.adsabs.harvard.edu/abs/1997A&A...317..548C},
      adsnote = {Provided by the SAO/NASA Astrophysics Data System}
}

@ARTICLE{Chin1998,
       author = {{Chin}, Y. -N. and {Henkel}, C. and {Millar}, T.~J. and {Whiteoak}, J.~B. and {Marx-Zimmer}, M.},
        title = "{Molecular abundances in the Magellanic Clouds. III. LIRS36, a star-forming region in the Small Magellanic Cloud}",
      journal = {\aap},
     keywords = {ISM: MOLECULES, GALAXIES: ABUNDANCES, GALAXIES: ISM, MAGELLANIC CLOUDS, RADIO LINES: ISM, Astrophysics},
         year = 1998,
        month = feb,
       volume = {330},
        pages = {901-909},
archivePrefix = {arXiv},
       eprint = {astro-ph/9710253},
 primaryClass = {astro-ph},
       adsurl = {https://ui.adsabs.harvard.edu/abs/1998A&A...330..901C},
      adsnote = {Provided by the SAO/NASA Astrophysics Data System}
}

@ARTICLE{Buchbender2013,
       author = {{Buchbender}, C. and {Kramer}, C. and {Gonzalez-Garcia}, M. and {Israel}, F.~P. and {Garc{\'\i}a-Burillo}, S. and {van der Werf}, P. and {Braine}, J. and {Rosolowsky}, E. and {Mookerjea}, B. and {Aalto}, S. and {Boquien}, M. and {Gratier}, P. and {Henkel}, C. and {Quintana-Lacaci}, G. and {Verley}, S. and {van der Tak}, F.},
        title = "{Dense gas in M 33 (HerM33es)}",
      journal = {\aap},
     keywords = {galaxies: individual: M 33, galaxies: ISM, ISM: molecules, ISM: clouds, photon-dominated region (PDR), Astrophysics - Astrophysics of Galaxies},
         year = 2013,
        month = jan,
       volume = {549},
          eid = {A17},
        pages = {A17},
          doi = {10.1051/0004-6361/201219436},
archivePrefix = {arXiv},
       eprint = {1210.3263},
 primaryClass = {astro-ph.GA},
       adsurl = {https://ui.adsabs.harvard.edu/abs/2013A&A...549A..17B},
      adsnote = {Provided by the SAO/NASA Astrophysics Data System}
}

@ARTICLE{Chen2017,
       author = {{Chen}, Hao and {Braine}, Jonathan and {Gao}, Yu and {Koda}, Jin and {Gu}, Qiusheng},
        title = "{Dense Gas in the Outer Spiral Arm of M51}",
      journal = {\apj},
     keywords = {galaxies: individual: M51, NGC 5194, galaxies: ISM, galaxies: star formation, ISM: molecules, radio lines: galaxies, Astrophysics - Astrophysics of Galaxies},
         year = 2017,
        month = feb,
       volume = {836},
       number = {1},
          eid = {101},
        pages = {101},
          doi = {10.3847/1538-4357/836/1/101},
archivePrefix = {arXiv},
       eprint = {1612.00459},
 primaryClass = {astro-ph.GA},
       adsurl = {https://ui.adsabs.harvard.edu/abs/2017ApJ...836..101C},
      adsnote = {Provided by the SAO/NASA Astrophysics Data System}
}

@ARTICLE{Brouillet2005,
       author = {{Brouillet}, N. and {Muller}, S. and {Herpin}, F. and {Braine}, J. and {Jacq}, T.},
        title = "{HCN and HCO$^{+}$ emission in the disk of <ASTROBJ>M 31</ASTROBJ>}",
      journal = {\aap},
     keywords = {ISM: clouds, ISM: molecules, galaxies: individual: M 31, galaxies: ISM, Astrophysics},
         year = 2005,
        month = jan,
       volume = {429},
        pages = {153-159},
          doi = {10.1051/0004-6361:20034354},
archivePrefix = {arXiv},
       eprint = {astro-ph/0409181},
 primaryClass = {astro-ph},
       adsurl = {https://ui.adsabs.harvard.edu/abs/2005A&A...429..153B},
      adsnote = {Provided by the SAO/NASA Astrophysics Data System}
}

@ARTICLE{Kepley2014,
       author = {{Kepley}, Amanda A. and {Leroy}, Adam K. and {Frayer}, David and {Usero}, Antonio and {Marvil}, Josh and {Walter}, Fabian},
        title = "{The Green Bank Telescope Maps the Dense, Star-forming Gas in the Nearby Starburst Galaxy M82}",
      journal = {\apjl},
     keywords = {galaxies: individual: M82, galaxies: ISM, galaxies: starburst, galaxies: star formation, ISM: molecules, radio lines: ISM, Astrophysics - Astrophysics of Galaxies},
         year = 2014,
        month = jan,
       volume = {780},
       number = {1},
          eid = {L13},
        pages = {L13},
          doi = {10.1088/2041-8205/780/1/L13},
archivePrefix = {arXiv},
       eprint = {1312.1595},
 primaryClass = {astro-ph.GA},
       adsurl = {https://ui.adsabs.harvard.edu/abs/2014ApJ...780L..13K},
      adsnote = {Provided by the SAO/NASA Astrophysics Data System}
}

@ARTICLE{Garcia-Burillo2012,
       author = {{Garc{\'\i}a-Burillo}, S. and {Usero}, A. and {Alonso-Herrero}, A. and {Graci{\'a}-Carpio}, J. and {Pereira-Santaella}, M. and {Colina}, L. and {Planesas}, P. and {Arribas}, S.},
        title = "{Star-formation laws in luminous infrared galaxies. New observational constraints on models}",
      journal = {\aap},
     keywords = {galaxies: ISM, radio lines: ISM, galaxies: starburst, galaxies: star formation, radio lines: galaxies, Astrophysics - Cosmology and Nongalactic Astrophysics},
         year = 2012,
        month = mar,
       volume = {539},
          eid = {A8},
        pages = {A8},
          doi = {10.1051/0004-6361/201117838},
archivePrefix = {arXiv},
       eprint = {1111.6773},
 primaryClass = {astro-ph.CO},
       adsurl = {https://ui.adsabs.harvard.edu/abs/2012A&A...539A...8G},
      adsnote = {Provided by the SAO/NASA Astrophysics Data System}
}

@ARTICLE{Rosolowsky2011,
       author = {{Rosolowsky}, Erik and {Pineda}, Jaime E. and {Gao}, Yu},
        title = "{Minimal HCN emission from molecular clouds in M33}",
      journal = {\mnras},
     keywords = {stars: formation, ISM: clouds, galaxies: individual: M33, radio lines: ISM, Astrophysics - Astrophysics of Galaxies},
         year = 2011,
        month = aug,
       volume = {415},
       number = {2},
        pages = {1977-1984},
          doi = {10.1111/j.1365-2966.2011.18851.x},
archivePrefix = {arXiv},
       eprint = {1104.3935},
 primaryClass = {astro-ph.GA},
       adsurl = {https://ui.adsabs.harvard.edu/abs/2011MNRAS.415.1977R},
      adsnote = {Provided by the SAO/NASA Astrophysics Data System}
}

@ARTICLE{casa_package,
       author = {{CASA Team} and {Bean}, Ben and {Bhatnagar}, Sanjay and {Castro}, Sandra and {Donovan Meyer}, Jennifer and {Emonts}, Bjorn and {Garcia}, Enrique and {Garwood}, Robert and {Golap}, Kumar and {Gonzalez Villalba}, Justo and {Harris}, Pamela and {Hayashi}, Yohei and {Hoskins}, Josh and {Hsieh}, Mingyu and {Jagannathan}, Preshanth and {Kawasaki}, Wataru and {Keimpema}, Aard and {Kettenis}, Mark and {Lopez}, Jorge and {Marvil}, Joshua and {Masters}, Joseph and {McNichols}, Andrew and {Mehringer}, David and {Miel}, Renaud and {Moellenbrock}, George and {Montesino}, Federico and {Nakazato}, Takeshi and {Ott}, Juergen and {Petry}, Dirk and {Pokorny}, Martin and {Raba}, Ryan and {Rau}, Urvashi and {Schiebel}, Darrell and {Schweighart}, Neal and {Sekhar}, Srikrishna and {Shimada}, Kazuhiko and {Small}, Des and {Steeb}, Jan-Willem and {Sugimoto}, Kanako and {Suoranta}, Ville and {Tsutsumi}, Takahiro and {van Bemmel}, Ilse M. and {Verkouter}, Marjolein and {Wells}, Akeem and {Xiong}, Wei and {Szomoru}, Arpad and {Griffith}, Morgan and {Glendenning}, Brian and {Kern}, Jeff},
        title = "{CASA, the Common Astronomy Software Applications for Radio Astronomy}",
      journal = {\pasp},
     keywords = {Single-dish antennas, Aperture synthesis, Radio astronomy, Radio interferometry, Long baseline interferometry, Astronomy software, Open source software, Software documentation, Astronomy data reduction, Astronomy data analysis, 1460, 53, 1338, 1346, 932, 1855, 1866, 1869, 1861, 1858, Astrophysics - Instrumentation and Methods for Astrophysics, Astrophysics - Astrophysics of Galaxies, Astrophysics - High Energy Astrophysical Phenomena, Astrophysics - Solar and Stellar Astrophysics},
         year = 2022,
        month = nov,
       volume = {134},
       number = {1041},
          eid = {114501},
        pages = {114501},
          doi = {10.1088/1538-3873/ac9642},
archivePrefix = {arXiv},
       eprint = {2210.02276},
 primaryClass = {astro-ph.IM},
       adsurl = {https://ui.adsabs.harvard.edu/abs/2022PASP..134k4501C},
      adsnote = {Provided by the SAO/NASA Astrophysics Data System}
}

@ARTICLE{Murphy2011,
       author = {{Murphy}, E.~J. and {Condon}, J.~J. and {Schinnerer}, E. and {Kennicutt}, R.~C. and {Calzetti}, D. and {Armus}, L. and {Helou}, G. and {Turner}, J.~L. and {Aniano}, G. and {Beir{\~a}o}, P. and {Bolatto}, A.~D. and {Brandl}, B.~R. and {Croxall}, K.~V. and {Dale}, D.~A. and {Donovan Meyer}, J.~L. and {Draine}, B.~T. and {Engelbracht}, C. and {Hunt}, L.~K. and {Hao}, C. -N. and {Koda}, J. and {Roussel}, H. and {Skibba}, R. and {Smith}, J. -D.~T.},
        title = "{Calibrating Extinction-free Star Formation Rate Diagnostics with 33 GHz Free-free Emission in NGC 6946}",
      journal = {\apj},
     keywords = {cosmic rays, galaxies: individual: NGC 6946, H II regions, infrared: general, radio continuum: general, stars: formation, Astrophysics - Cosmology and Nongalactic Astrophysics},
         year = 2011,
        month = aug,
       volume = {737},
       number = {2},
          eid = {67},
        pages = {67},
          doi = {10.1088/0004-637X/737/2/67},
archivePrefix = {arXiv},
       eprint = {1105.4877},
 primaryClass = {astro-ph.CO},
       adsurl = {https://ui.adsabs.harvard.edu/abs/2011ApJ...737...67M},
      adsnote = {Provided by the SAO/NASA Astrophysics Data System}
}

@ARTICLE{Bigiel2015,
       author = {{Bigiel}, F. and {Leroy}, A.~K. and {Blitz}, L. and {Bolatto}, A.~D. and {da Cunha}, E. and {Rosolowsky}, E. and {Sandstrom}, K. and {Usero}, A.},
        title = "{Dense Gas Fraction and Star-formation Efficiency Variations in the Antennae Galaxies}",
      journal = {\apj},
     keywords = {galaxies: individual: NGC4038\&39, galaxies: ISM, galaxies: star formation, infrared: galaxies, ISM: molecules, radio lines: galaxies, Astrophysics - Astrophysics of Galaxies},
         year = 2015,
        month = dec,
       volume = {815},
       number = {2},
          eid = {103},
        pages = {103},
          doi = {10.1088/0004-637X/815/2/103},
archivePrefix = {arXiv},
       eprint = {1510.05680},
 primaryClass = {astro-ph.GA},
       adsurl = {https://ui.adsabs.harvard.edu/abs/2015ApJ...815..103B},
      adsnote = {Provided by the SAO/NASA Astrophysics Data System}
}

@ARTICLE{Braine2017,
       author = {{Braine}, J. and {Shimajiri}, Y. and {Andr{\'e}}, P. and {Bontemps}, S. and {Gao}, Yu and {Chen}, Hao and {Kramer}, C.},
        title = "{Dense gas in low-metallicity galaxies}",
      journal = {\aap},
     keywords = {galaxies: individual: M 33, galaxies: individual: IC 10, galaxies: individual: NGC 6822, Local Group, galaxies: ISM, stars: formation, Astrophysics - Astrophysics of Galaxies},
         year = 2017,
        month = jan,
       volume = {597},
          eid = {A44},
        pages = {A44},
          doi = {10.1051/0004-6361/201629781},
archivePrefix = {arXiv},
       eprint = {1612.02196},
 primaryClass = {astro-ph.GA},
       adsurl = {https://ui.adsabs.harvard.edu/abs/2017A&A...597A..44B},
      adsnote = {Provided by the SAO/NASA Astrophysics Data System}
}

@ARTICLE{Crocker2012,
       author = {{Crocker}, Alison and {Krips}, Melanie and {Bureau}, Martin and {Young}, Lisa M. and {Davis}, Timothy A. and {Bayet}, Estelle and {Alatalo}, Katherine and {Blitz}, Leo and {Bois}, Maxime and {Bournaud}, Fr{\'e}d{\'e}ric and {Cappellari}, Michele and {Davies}, Roger L. and {de Zeeuw}, P.~T. and {Duc}, Pierre-Alain and {Emsellem}, Eric and {Khochfar}, Sadegh and {Krajnovi{\'c}}, Davor and {Kuntschner}, Harald and {Lablanche}, Pierre-Yves and {McDermid}, Richard M. and {Morganti}, Raffaella and {Naab}, Thorsten and {Oosterloo}, Tom and {Sarzi}, Marc and {Scott}, Nicholas and {Serra}, Paolo and {Weijmans}, Anne-Marie},
        title = "{The ATLAS$^{3D}$ project - XI. Dense molecular gas properties of CO-luminous early-type galaxies}",
      journal = {\mnras},
     keywords = {galaxies: elliptical and lenticular, cD, galaxies: evolution, galaxies: ISM, galaxies: kinematics and dynamics, galaxies: stellar content, Astrophysics - Cosmology and Nongalactic Astrophysics},
         year = 2012,
        month = apr,
       volume = {421},
       number = {2},
        pages = {1298-1314},
          doi = {10.1111/j.1365-2966.2011.20393.x},
archivePrefix = {arXiv},
       eprint = {1112.3641},
 primaryClass = {astro-ph.CO},
       adsurl = {https://ui.adsabs.harvard.edu/abs/2012MNRAS.421.1298C},
      adsnote = {Provided by the SAO/NASA Astrophysics Data System}
}

@ARTICLE{Gao2007,
       author = {{Gao}, Yu and {Carilli}, Chris L. and {Solomon}, Philip M. and {Vanden Bout}, Paul A.},
        title = "{HCN Observations of Dense Star-forming Gas in High-Redshift Galaxies}",
      journal = {\apjl},
     keywords = {Galaxies: Formation, Galaxies: High-Redshift, Galaxies: ISM, Galaxies: Starburst, Infrared: Galaxies, ISM: Molecules, Astrophysics},
         year = 2007,
        month = may,
       volume = {660},
       number = {2},
        pages = {L93-L96},
          doi = {10.1086/518244},
archivePrefix = {arXiv},
       eprint = {astro-ph/0703548},
 primaryClass = {astro-ph},
       adsurl = {https://ui.adsabs.harvard.edu/abs/2007ApJ...660L..93G},
      adsnote = {Provided by the SAO/NASA Astrophysics Data System}
}


@ARTICLE{Gracia-Carpio2008,
       author = {{Graci{\'a}-Carpio}, J. and {Garc{\'\i}a-Burillo}, S. and {Planesas}, P. and {Fuente}, A. and {Usero}, A.},
        title = "{Evidence of enhanced star formation efficiency in luminous and ultraluminous infrared galaxies}",
      journal = {\aap},
     keywords = {galaxies: evolution, galaxies: ISM, galaxies: starburst, infrared: galaxies, ISM: molecules, radio lines: galaxies, Astrophysics},
         year = 2008,
        month = mar,
       volume = {479},
       number = {3},
        pages = {703-717},
          doi = {10.1051/0004-6361:20078223},
archivePrefix = {arXiv},
       eprint = {0712.0582},
 primaryClass = {astro-ph},
       adsurl = {https://ui.adsabs.harvard.edu/abs/2008A&A...479..703G},
      adsnote = {Provided by the SAO/NASA Astrophysics Data System}
}

@ARTICLE{Juneau2009,
       author = {{Juneau}, S. and {Narayanan}, D.~T. and {Moustakas}, J. and {Shirley}, Y.~L. and {Bussmann}, R.~S. and {Kennicutt}, R.~C., Jr. and {Vanden Bout}, P.~A.},
        title = "{Enhanced Dense Gas Fraction in Ultraluminous Infrared Galaxies}",
      journal = {\apj},
     keywords = {galaxies: evolution, galaxies: fundamental parameters, galaxies: ISM, infrared: galaxies, radio lines: galaxies, submillimeter, Astrophysics - Cosmology and Nongalactic Astrophysics, Astrophysics - Astrophysics of Galaxies},
         year = 2009,
        month = dec,
       volume = {707},
       number = {2},
        pages = {1217-1232},
          doi = {10.1088/0004-637X/707/2/1217},
archivePrefix = {arXiv},
       eprint = {0911.0413},
 primaryClass = {astro-ph.CO},
       adsurl = {https://ui.adsabs.harvard.edu/abs/2009ApJ...707.1217J},
      adsnote = {Provided by the SAO/NASA Astrophysics Data System}
}

@ARTICLE{Krips2008,
       author = {{Krips}, M. and {Neri}, R. and {Garc{\'\i}a-Burillo}, S. and {Mart{\'\i}n}, S. and {Combes}, F. and {Graci{\'a}-Carpio}, J. and {Eckart}, A.},
        title = "{A Multi-Transition HCN and HCO$^{+}$ Study of 12 Nearby Active Galaxies: Active Galactic Nucleus versus Starburst Environments}",
      journal = {\apj},
     keywords = {galaxies: active, galaxies: individual: Arp 220 M82 Markarian 231 NGC 1068 NGC 2140 NGC 3627 NGC 4569 NGC 4826 NGC 5194 NGC 6240 NGC 6946 NGC 6951, galaxies: ISM, radio lines: galaxies, Astrophysics},
         year = 2008,
        month = apr,
       volume = {677},
       number = {1},
        pages = {262-275},
          doi = {10.1086/527367},
archivePrefix = {arXiv},
       eprint = {0712.0319},
 primaryClass = {astro-ph},
       adsurl = {https://ui.adsabs.harvard.edu/abs/2008ApJ...677..262K},
      adsnote = {Provided by the SAO/NASA Astrophysics Data System}
}

@ARTICLE{Privon2015,
       author = {{Privon}, G.~C. and {Herrero-Illana}, R. and {Evans}, A.~S. and {Iwasawa}, K. and {Perez-Torres}, M.~A. and {Armus}, L. and {D{\'\i}az-Santos}, T. and {Murphy}, E.~J. and {Stierwalt}, S. and {Aalto}, S. and {Mazzarella}, J.~M. and {Barcos-Mu{\~n}oz}, L. and {Borish}, H.~J. and {Inami}, H. and {Kim}, D. -C. and {Treister}, E. and {Surace}, J.~A. and {Lord}, S. and {Conway}, J. and {Frayer}, D.~T. and {Alberdi}, A.},
        title = "{Excitation Mechanisms for HCN (1-0) and HCO+ (1-0) in Galaxies from the Great Observatories All-sky LIRG Survey}",
      journal = {\apj},
     keywords = {galaxies: active, galaxies: ISM, galaxies: starburst, Astrophysics - Astrophysics of Galaxies},
         year = 2015,
        month = nov,
       volume = {814},
       number = {1},
          eid = {39},
        pages = {39},
          doi = {10.1088/0004-637X/814/1/39},
archivePrefix = {arXiv},
       eprint = {1509.07512},
 primaryClass = {astro-ph.GA},
       adsurl = {https://ui.adsabs.harvard.edu/abs/2015ApJ...814...39P},
      adsnote = {Provided by the SAO/NASA Astrophysics Data System}
}

@ARTICLE{Kovesi2015,
       author = {{Kovesi}, Peter},
        title = "{Good Colour Maps: How to Design Them}",
      journal = {arXiv e-prints},
     keywords = {Computer Science - Graphics, I.3.3},
         year = 2015,
        month = sep,
          eid = {arXiv:1509.03700},
        pages = {arXiv:1509.03700},
archivePrefix = {arXiv},
       eprint = {1509.03700},
 primaryClass = {cs.GR},
       adsurl = {https://ui.adsabs.harvard.edu/abs/2015arXiv150903700K},
      adsnote = {Provided by the SAO/NASA Astrophysics Data System}
}

@ARTICLE{Schinnerer2024,
       author = {{Schinnerer}, Eva and {Leroy}, Adam K.},
        title = "{Molecular Gas and the Star Formation Process on Cloud Scales in Nearby Galaxies}",
      journal = {arXiv e-prints},
     keywords = {Astrophysics - Astrophysics of Galaxies},
         year = 2024,
        month = mar,
          eid = {arXiv:2403.19843},
        pages = {arXiv:2403.19843},
          doi = {10.48550/arXiv.2403.19843},
archivePrefix = {arXiv},
       eprint = {2403.19843},
 primaryClass = {astro-ph.GA},
       adsurl = {https://ui.adsabs.harvard.edu/abs/2024arXiv240319843S},
      adsnote = {Provided by the SAO/NASA Astrophysics Data System}
}

@ARTICLE{Lada2012,
       author = {{Lada}, Charles J. and {Forbrich}, Jan and {Lombardi}, Marco and {Alves}, Jo{\~a}o F.},
        title = "{Star Formation Rates in Molecular Clouds and the Nature of the Extragalactic Scaling Relations}",
      journal = {\apj},
     keywords = {galaxies: star formation, stars: formation, Astrophysics - Astrophysics of Galaxies, Astrophysics - Cosmology and Nongalactic Astrophysics},
         year = 2012,
        month = feb,
       volume = {745},
       number = {2},
          eid = {190},
        pages = {190},
          doi = {10.1088/0004-637X/745/2/190},
archivePrefix = {arXiv},
       eprint = {1112.4466},
 primaryClass = {astro-ph.GA},
       adsurl = {https://ui.adsabs.harvard.edu/abs/2012ApJ...745..190L},
      adsnote = {Provided by the SAO/NASA Astrophysics Data System}
}

@ARTICLE{Neumann2024,
       author = {{Neumann}, Lukas and {Bigiel}, Frank and {Barnes}, Ashley T. and {Gallagher}, Molly J. and {Leroy}, Adam and {Usero}, Antonio and {Rosolowsky}, Erik and {Be{\v{s}}li{\'c}}, Ivana and {Boquien}, M{\'e}d{\'e}ric and {Cao}, Yixian and {Chevance}, M{\'e}lanie and {Colombo}, Dario and {Dale}, Daniel A. and {Eibensteiner}, Cosima and {Grasha}, Kathryn and {Henshaw}, Jonathan D. and {Jim{\'e}nez-Donaire}, Mar{\'\i}a J. and {Meidt}, Sharon and {Menon}, Shyam H. and {Murphy}, Eric J. and {Pan}, Hsi-An and {Querejeta}, Miguel and {Saito}, Toshiki and {Schinnerer}, Eva and {Stuber}, Sophia K. and {Teng}, Yu-Hsuan and {Williams}, Thomas G.},
        title = "{A 260 pc resolution ALMA map of HCN(1-0) in the galaxy NGC 4321}",
      journal = {arXiv e-prints},
     keywords = {Astrophysics - Astrophysics of Galaxies},
         year = 2024,
        month = jun,
          eid = {arXiv:2406.12025},
        pages = {arXiv:2406.12025},
          doi = {10.48550/arXiv.2406.12025},
archivePrefix = {arXiv},
       eprint = {2406.12025},
 primaryClass = {astro-ph.GA},
       adsurl = {https://ui.adsabs.harvard.edu/abs/2024arXiv240612025N},
      adsnote = {Provided by the SAO/NASA Astrophysics Data System}
}

@ARTICLE{Neumann2023b,
       author = {{Neumann}, Lukas and {den Brok}, Jakob S. and {Bigiel}, Frank and {Leroy}, Adam and {Usero}, Antonio and {Barnes}, Ashley T. and {Be{\v{s}}li{\'c}}, Ivana and {Eibensteiner}, Cosima and {Held}, Malena and {Jim{\'e}nez-Donaire}, Mar{\'\i}a J. and {Pety}, J{\'e}r{\^o}me and {Rosolowsky}, Erik W. and {Schinnerer}, Eva and {Williams}, Thomas G.},
        title = "{Spectral stacking of radio-interferometric data}",
      journal = {\aap},
     keywords = {methods: data analysis, techniques: interferometric, galaxies: ISM, radio lines: galaxies, radio lines: ISM, Astrophysics - Astrophysics of Galaxies},
         year = 2023,
        month = jul,
       volume = {675},
          eid = {A104},
        pages = {A104},
          doi = {10.1051/0004-6361/202346129},
archivePrefix = {arXiv},
       eprint = {2305.10240},
 primaryClass = {astro-ph.GA},
       adsurl = {https://ui.adsabs.harvard.edu/abs/2023A&A...675A.104N},
      adsnote = {Provided by the SAO/NASA Astrophysics Data System}
}

@ARTICLE{Sanchez-Garcia2022,
       author = {{S{\'a}nchez-Garc{\'\i}a}, M. and {Garc{\'\i}a-Burillo}, S. and {Pereira-Santaella}, M. and {Colina}, L. and {Usero}, A. and {Querejeta}, M. and {Alonso-Herrero}, A. and {Fuente}, A.},
        title = "{Spatially resolved star-formation relations of dense molecular gas in NGC 1068}",
      journal = {\aap},
     keywords = {galaxies: individual: NGC 1068, galaxies: Seyfert, galaxies: star formation, Astrophysics - Astrophysics of Galaxies},
         year = 2022,
        month = apr,
       volume = {660},
          eid = {A83},
        pages = {A83},
          doi = {10.1051/0004-6361/202142396},
archivePrefix = {arXiv},
       eprint = {2201.06552},
 primaryClass = {astro-ph.GA},
       adsurl = {https://ui.adsabs.harvard.edu/abs/2022A&A...660A..83S},
      adsnote = {Provided by the SAO/NASA Astrophysics Data System}
}

@ARTICLE{Evans2014,
       author = {{Evans}, Neal J., II and {Heiderman}, Amanda and {Vutisalchavakul}, Nalin},
        title = "{Star Formation Relations in Nearby Molecular Clouds}",
      journal = {\apj},
     keywords = {galaxies: individual: Milky Way, stars: formation, Astrophysics - Astrophysics of Galaxies},
         year = 2014,
        month = feb,
       volume = {782},
       number = {2},
          eid = {114},
        pages = {114},
          doi = {10.1088/0004-637X/782/2/114},
archivePrefix = {arXiv},
       eprint = {1401.3287},
 primaryClass = {astro-ph.GA},
       adsurl = {https://ui.adsabs.harvard.edu/abs/2014ApJ...782..114E},
      adsnote = {Provided by the SAO/NASA Astrophysics Data System}
}

@ARTICLE{Rybak2022,
       author = {{Rybak}, M. and {Hodge}, J.~A. and {Greve}, T.~R. and {Riechers}, D. and {Lamperti}, I. and {van Marrewijk}, J. and {Walter}, F. and {Wagg}, J. and {van der Werf}, P.~P.},
        title = "{PRUSSIC. I. A JVLA survey of HCN, HCO$^{+}$, and HNC (1-0) emission in z {\ensuremath{\sim}} 3 dusty galaxies: Low dense-gas fractions in high-redshift star-forming galaxies}",
      journal = {\aap},
     keywords = {galaxies: high-redshift, galaxies: ISM, galaxies: star formation, submillimeter: general, radio lines: galaxies, Astrophysics - Astrophysics of Galaxies},
         year = 2022,
        month = nov,
       volume = {667},
          eid = {A70},
        pages = {A70},
          doi = {10.1051/0004-6361/202243894},
archivePrefix = {arXiv},
       eprint = {2207.06967},
 primaryClass = {astro-ph.GA},
       adsurl = {https://ui.adsabs.harvard.edu/abs/2022A&A...667A..70R},
      adsnote = {Provided by the SAO/NASA Astrophysics Data System}
}

@ARTICLE{Jones2012,
       author = {{Jones}, P.~A. and {Burton}, M.~G. and {Cunningham}, M.~R. and {Requena-Torres}, M.~A. and {Menten}, K.~M. and {Schilke}, P. and {Belloche}, A. and {Leurini}, S. and {Mart{\'\i}n-Pintado}, J. and {Ott}, J. and {Walsh}, A.~J.},
        title = "{Spectral imaging of the Central Molecular Zone in multiple 3-mm molecular lines}",
      journal = {\mnras},
     keywords = {ISM: kinematics and dynamics, ISM: molecules, radio lines: ISM, Astrophysics - Astrophysics of Galaxies},
         year = 2012,
        month = feb,
       volume = {419},
       number = {4},
        pages = {2961-2986},
          doi = {10.1111/j.1365-2966.2011.19941.x},
archivePrefix = {arXiv},
       eprint = {1110.1421},
 primaryClass = {astro-ph.GA},
       adsurl = {https://ui.adsabs.harvard.edu/abs/2012MNRAS.419.2961J},
      adsnote = {Provided by the SAO/NASA Astrophysics Data System}
}

@ARTICLE{Akritas1996,
       author = {{Akritas}, Michael G. and {Bershady}, Matthew A.},
        title = "{Linear Regression for Astronomical Data with Measurement Errors and Intrinsic Scatter}",
      journal = {\apj},
     keywords = {GALAXIES: CLUSTERS: GENERAL, METHODS: DATA ANALYSIS, METHODS: STATISTICAL, Astrophysics},
         year = 1996,
        month = oct,
       volume = {470},
        pages = {706},
          doi = {10.1086/177901},
archivePrefix = {arXiv},
       eprint = {astro-ph/9605002},
 primaryClass = {astro-ph},
       adsurl = {https://ui.adsabs.harvard.edu/abs/1996ApJ...470..706A},
      adsnote = {Provided by the SAO/NASA Astrophysics Data System}
}

@ARTICLE{Kennicutt2003,
       author = {{Kennicutt}, Robert C., Jr. and {Armus}, Lee and {Bendo}, George and {Calzetti}, Daniela and {Dale}, Daniel A. and {Draine}, Bruce T. and {Engelbracht}, Charles W. and {Gordon}, Karl D. and {Grauer}, Albert D. and {Helou}, George and {Hollenbach}, David J. and {Jarrett}, Thomas H. and {Kewley}, Lisa J. and {Leitherer}, Claus and {Li}, Aigen and {Malhotra}, Sangeeta and {Regan}, Michael W. and {Rieke}, George H. and {Rieke}, Marcia J. and {Roussel}, H{\'e}l{\`e}ne and {Smith}, John-David T. and {Thornley}, Michele D. and {Walter}, Fabian},
        title = "{SINGS: The SIRTF Nearby Galaxies Survey}",
      journal = {\pasp},
     keywords = {ISM: Dust, Extinction, Galaxies: Evolution, Galaxies: ISM, infrared: galaxies, Stars: Formation, Surveys, Astrophysics},
         year = 2003,
        month = aug,
       volume = {115},
       number = {810},
        pages = {928-952},
          doi = {10.1086/376941},
archivePrefix = {arXiv},
       eprint = {astro-ph/0305437},
 primaryClass = {astro-ph},
       adsurl = {https://ui.adsabs.harvard.edu/abs/2003PASP..115..928K},
      adsnote = {Provided by the SAO/NASA Astrophysics Data System}
}

@ARTICLE{Kennicutt2011,
       author = {{Kennicutt}, R.~C. and {Calzetti}, D. and {Aniano}, G. and {Appleton}, P. and {Armus}, L. and {Beir{\~a}o}, P. and {Bolatto}, A.~D. and {Brandl}, B. and {Crocker}, A. and {Croxall}, K. and {Dale}, D.~A. and {Donovan Meyer}, J. and {Draine}, B.~T. and {Engelbracht}, C.~W. and {Galametz}, M. and {Gordon}, K.~D. and {Groves}, B. and {Hao}, C. -N. and {Helou}, G. and {Hinz}, J. and {Hunt}, L.~K. and {Johnson}, B. and {Koda}, J. and {Krause}, O. and {Leroy}, A.~K. and {Li}, Y. and {Meidt}, S. and {Montiel}, E. and {Murphy}, E.~J. and {Rahman}, N. and {Rix}, H. -W. and {Roussel}, H. and {Sandstrom}, K. and {Sauvage}, M. and {Schinnerer}, E. and {Skibba}, R. and {Smith}, J.~D.~T. and {Srinivasan}, S. and {Vigroux}, L. and {Walter}, F. and {Wilson}, C.~D. and {Wolfire}, M. and {Zibetti}, S.},
        title = "{KINGFISH{\textemdash}Key Insights on Nearby Galaxies: A Far-Infrared Survey with Herschel: Survey Description and Image Atlas}",
      journal = {\pasp},
     keywords = {Astrophysics - Cosmology and Nongalactic Astrophysics},
         year = 2011,
        month = dec,
       volume = {123},
       number = {910},
        pages = {1347},
          doi = {10.1086/663818},
archivePrefix = {arXiv},
       eprint = {1111.4438},
 primaryClass = {astro-ph.CO},
       adsurl = {https://ui.adsabs.harvard.edu/abs/2011PASP..123.1347K},
      adsnote = {Provided by the SAO/NASA Astrophysics Data System}
}

